%YAML 1.1
%TAG !u! tag:unity3d.com,2011:
--- !u!1001 &100100000
Prefab:
  m_ObjectHideFlags: 1
  serializedVersion: 2
  m_Modification:
    m_TransformParent: {fileID: 0}
    m_Modifications: []
    m_RemovedComponents: []
  m_SourcePrefab: {fileID: 0}
  m_RootGameObject: {fileID: 1148615641654244}
  m_IsPrefabAsset: 1
--- !u!1 &1001498975502368
GameObject:
  m_ObjectHideFlags: 1
  m_CorrespondingSourceObject: {fileID: 0}
  m_PrefabInternal: {fileID: 100100000}
  serializedVersion: 6
  m_Component:
  - component: {fileID: 4214239601980660}
  - component: {fileID: 33042186557553400}
  - component: {fileID: 23576486754833990}
  m_Layer: 0
  m_Name: back1
  m_TagString: Untagged
  m_Icon: {fileID: 0}
  m_NavMeshLayer: 0
  m_StaticEditorFlags: 0
  m_IsActive: 1
--- !u!1 &1021177077048512
GameObject:
  m_ObjectHideFlags: 1
  m_CorrespondingSourceObject: {fileID: 0}
  m_PrefabInternal: {fileID: 100100000}
  serializedVersion: 6
  m_Component:
  - component: {fileID: 4876998550847834}
  - component: {fileID: 212700326825594390}
  m_Layer: 0
  m_Name: vase
  m_TagString: Untagged
  m_Icon: {fileID: 0}
  m_NavMeshLayer: 0
  m_StaticEditorFlags: 0
  m_IsActive: 1
--- !u!1 &1049371068245832
GameObject:
  m_ObjectHideFlags: 1
  m_CorrespondingSourceObject: {fileID: 0}
  m_PrefabInternal: {fileID: 100100000}
  serializedVersion: 6
  m_Component:
  - component: {fileID: 4713537530402602}
  - component: {fileID: 33462137692084602}
  - component: {fileID: 23291091214854944}
  m_Layer: 0
  m_Name: left1
  m_TagString: Untagged
  m_Icon: {fileID: 0}
  m_NavMeshLayer: 0
  m_StaticEditorFlags: 0
  m_IsActive: 1
--- !u!1 &1097888072942120
GameObject:
  m_ObjectHideFlags: 1
  m_CorrespondingSourceObject: {fileID: 0}
  m_PrefabInternal: {fileID: 100100000}
  serializedVersion: 6
  m_Component:
  - component: {fileID: 4136233015692012}
  - component: {fileID: 212388306852672870}
  m_Layer: 0
  m_Name: box2
  m_TagString: Untagged
  m_Icon: {fileID: 0}
  m_NavMeshLayer: 0
  m_StaticEditorFlags: 0
  m_IsActive: 1
--- !u!1 &1113066196588172
GameObject:
  m_ObjectHideFlags: 1
  m_CorrespondingSourceObject: {fileID: 0}
  m_PrefabInternal: {fileID: 100100000}
  serializedVersion: 6
  m_Component:
  - component: {fileID: 4765070317587514}
  - component: {fileID: 33386812633758838}
  - component: {fileID: 23551406108887384}
  m_Layer: 0
  m_Name: rim_left
  m_TagString: Untagged
  m_Icon: {fileID: 0}
  m_NavMeshLayer: 0
  m_StaticEditorFlags: 0
  m_IsActive: 1
--- !u!1 &1115014831993852
GameObject:
  m_ObjectHideFlags: 1
  m_CorrespondingSourceObject: {fileID: 0}
  m_PrefabInternal: {fileID: 100100000}
  serializedVersion: 6
  m_Component:
  - component: {fileID: 4146895735588904}
  - component: {fileID: 33747374894508128}
  - component: {fileID: 23532193697580452}
  m_Layer: 0
  m_Name: rim_right
  m_TagString: Untagged
  m_Icon: {fileID: 0}
  m_NavMeshLayer: 0
  m_StaticEditorFlags: 0
  m_IsActive: 1
--- !u!1 &1128518998627022
GameObject:
  m_ObjectHideFlags: 1
  m_CorrespondingSourceObject: {fileID: 0}
  m_PrefabInternal: {fileID: 100100000}
  serializedVersion: 6
  m_Component:
  - component: {fileID: 4814125756822254}
  - component: {fileID: 212354331759958204}
  m_Layer: 0
  m_Name: window_covered
  m_TagString: Untagged
  m_Icon: {fileID: 0}
  m_NavMeshLayer: 0
  m_StaticEditorFlags: 0
  m_IsActive: 1
--- !u!1 &1141049258878320
GameObject:
  m_ObjectHideFlags: 1
  m_CorrespondingSourceObject: {fileID: 0}
  m_PrefabInternal: {fileID: 100100000}
  serializedVersion: 6
  m_Component:
  - component: {fileID: 4918282116916672}
  - component: {fileID: 212253137304912288}
  m_Layer: 0
  m_Name: seat
  m_TagString: Untagged
  m_Icon: {fileID: 0}
  m_NavMeshLayer: 0
  m_StaticEditorFlags: 0
  m_IsActive: 1
--- !u!1 &1147338984565788
GameObject:
  m_ObjectHideFlags: 1
  m_CorrespondingSourceObject: {fileID: 0}
  m_PrefabInternal: {fileID: 100100000}
  serializedVersion: 6
  m_Component:
  - component: {fileID: 4511937800458584}
  - component: {fileID: 212209608970557250}
  m_Layer: 0
  m_Name: web7
  m_TagString: Untagged
  m_Icon: {fileID: 0}
  m_NavMeshLayer: 0
  m_StaticEditorFlags: 0
  m_IsActive: 1
--- !u!1 &1148615641654244
GameObject:
  m_ObjectHideFlags: 0
  m_CorrespondingSourceObject: {fileID: 0}
  m_PrefabInternal: {fileID: 100100000}
  serializedVersion: 6
  m_Component:
  - component: {fileID: 4543535096798798}
  - component: {fileID: 114225716633384936}
  - component: {fileID: 114585951734168364}
  m_Layer: 0
  m_Name: RoomObject_ATTIC
  m_TagString: Untagged
  m_Icon: {fileID: 0}
  m_NavMeshLayer: 0
  m_StaticEditorFlags: 0
  m_IsActive: 1
--- !u!1 &1207268027845992
GameObject:
  m_ObjectHideFlags: 1
  m_CorrespondingSourceObject: {fileID: 0}
  m_PrefabInternal: {fileID: 100100000}
  serializedVersion: 6
  m_Component:
  - component: {fileID: 4798593305819156}
  - component: {fileID: 33796846066359652}
  - component: {fileID: 23676388170958266}
  m_Layer: 0
  m_Name: rim_floor
  m_TagString: Untagged
  m_Icon: {fileID: 0}
  m_NavMeshLayer: 0
  m_StaticEditorFlags: 0
  m_IsActive: 1
--- !u!1 &1286269745951776
GameObject:
  m_ObjectHideFlags: 1
  m_CorrespondingSourceObject: {fileID: 0}
  m_PrefabInternal: {fileID: 100100000}
  serializedVersion: 6
  m_Component:
  - component: {fileID: 4101073825066146}
  m_Layer: 0
  m_Name: webGroup
  m_TagString: Untagged
  m_Icon: {fileID: 0}
  m_NavMeshLayer: 0
  m_StaticEditorFlags: 0
  m_IsActive: 1
--- !u!1 &1326006777329760
GameObject:
  m_ObjectHideFlags: 1
  m_CorrespondingSourceObject: {fileID: 0}
  m_PrefabInternal: {fileID: 100100000}
  serializedVersion: 6
  m_Component:
  - component: {fileID: 4886325981198850}
  - component: {fileID: 212018470856357210}
  m_Layer: 0
  m_Name: elevator_opened
  m_TagString: Untagged
  m_Icon: {fileID: 0}
  m_NavMeshLayer: 0
  m_StaticEditorFlags: 0
  m_IsActive: 1
--- !u!1 &1383448171235420
GameObject:
  m_ObjectHideFlags: 1
  m_CorrespondingSourceObject: {fileID: 0}
  m_PrefabInternal: {fileID: 100100000}
  serializedVersion: 6
  m_Component:
  - component: {fileID: 4859871495448642}
  m_Layer: 0
  m_Name: window_group
  m_TagString: Untagged
  m_Icon: {fileID: 0}
  m_NavMeshLayer: 0
  m_StaticEditorFlags: 0
  m_IsActive: 1
--- !u!1 &1406255558906538
GameObject:
  m_ObjectHideFlags: 1
  m_CorrespondingSourceObject: {fileID: 0}
  m_PrefabInternal: {fileID: 100100000}
  serializedVersion: 6
  m_Component:
  - component: {fileID: 4696672267721472}
  - component: {fileID: 212872633103912684}
  m_Layer: 0
  m_Name: mirror_covered
  m_TagString: Untagged
  m_Icon: {fileID: 0}
  m_NavMeshLayer: 0
  m_StaticEditorFlags: 0
  m_IsActive: 1
--- !u!1 &1422473517885272
GameObject:
  m_ObjectHideFlags: 1
  m_CorrespondingSourceObject: {fileID: 0}
  m_PrefabInternal: {fileID: 100100000}
  serializedVersion: 6
  m_Component:
  - component: {fileID: 4224394271038236}
  - component: {fileID: 212698854716249924}
  m_Layer: 0
  m_Name: web3
  m_TagString: Untagged
  m_Icon: {fileID: 0}
  m_NavMeshLayer: 0
  m_StaticEditorFlags: 0
  m_IsActive: 1
--- !u!1 &1495031328439550
GameObject:
  m_ObjectHideFlags: 1
  m_CorrespondingSourceObject: {fileID: 0}
  m_PrefabInternal: {fileID: 100100000}
  serializedVersion: 6
  m_Component:
  - component: {fileID: 4844714032763170}
  m_Layer: 0
  m_Name: elevator_group
  m_TagString: Untagged
  m_Icon: {fileID: 0}
  m_NavMeshLayer: 0
  m_StaticEditorFlags: 0
  m_IsActive: 1
--- !u!1 &1505369830386186
GameObject:
  m_ObjectHideFlags: 1
  m_CorrespondingSourceObject: {fileID: 0}
  m_PrefabInternal: {fileID: 100100000}
  serializedVersion: 6
  m_Component:
  - component: {fileID: 4889256350908532}
  - component: {fileID: 212337885498245958}
  m_Layer: 0
  m_Name: boxes
  m_TagString: Untagged
  m_Icon: {fileID: 0}
  m_NavMeshLayer: 0
  m_StaticEditorFlags: 0
  m_IsActive: 1
--- !u!1 &1531687200010022
GameObject:
  m_ObjectHideFlags: 1
  m_CorrespondingSourceObject: {fileID: 0}
  m_PrefabInternal: {fileID: 100100000}
  serializedVersion: 6
  m_Component:
  - component: {fileID: 4542080576622330}
  - component: {fileID: 33973671756861152}
  - component: {fileID: 23320110384473508}
  m_Layer: 0
  m_Name: right1
  m_TagString: Untagged
  m_Icon: {fileID: 0}
  m_NavMeshLayer: 0
  m_StaticEditorFlags: 0
  m_IsActive: 1
--- !u!1 &1557679452875478
GameObject:
  m_ObjectHideFlags: 1
  m_CorrespondingSourceObject: {fileID: 0}
  m_PrefabInternal: {fileID: 100100000}
  serializedVersion: 6
  m_Component:
  - component: {fileID: 4317037281538816}
  - component: {fileID: 33214339828672290}
  - component: {fileID: 23795833631652676}
  m_Layer: 0
  m_Name: rim_ceil
  m_TagString: Untagged
  m_Icon: {fileID: 0}
  m_NavMeshLayer: 0
  m_StaticEditorFlags: 0
  m_IsActive: 1
--- !u!1 &1607802873793658
GameObject:
  m_ObjectHideFlags: 1
  m_CorrespondingSourceObject: {fileID: 0}
  m_PrefabInternal: {fileID: 100100000}
  serializedVersion: 6
  m_Component:
  - component: {fileID: 4992574593730108}
  - component: {fileID: 212415048989762926}
  m_Layer: 0
  m_Name: elevator_button
  m_TagString: Untagged
  m_Icon: {fileID: 0}
  m_NavMeshLayer: 0
  m_StaticEditorFlags: 0
  m_IsActive: 1
--- !u!1 &1637497469916326
GameObject:
  m_ObjectHideFlags: 0
  m_CorrespondingSourceObject: {fileID: 0}
  m_PrefabInternal: {fileID: 100100000}
  serializedVersion: 6
  m_Component:
  - component: {fileID: 4552778725910098}
  - component: {fileID: 65634046218458200}
  m_Layer: 11
  m_Name: clickable_zone
  m_TagString: Untagged
  m_Icon: {fileID: 0}
  m_NavMeshLayer: 0
  m_StaticEditorFlags: 0
  m_IsActive: 1
--- !u!1 &1641560086051230
GameObject:
  m_ObjectHideFlags: 1
  m_CorrespondingSourceObject: {fileID: 0}
  m_PrefabInternal: {fileID: 100100000}
  serializedVersion: 6
  m_Component:
  - component: {fileID: 4136031013128022}
  m_Layer: 0
  m_Name: mirror_group
  m_TagString: Untagged
  m_Icon: {fileID: 0}
  m_NavMeshLayer: 0
  m_StaticEditorFlags: 0
  m_IsActive: 1
--- !u!1 &1682934102448670
GameObject:
  m_ObjectHideFlags: 1
  m_CorrespondingSourceObject: {fileID: 0}
  m_PrefabInternal: {fileID: 100100000}
  serializedVersion: 6
  m_Component:
  - component: {fileID: 4224988011270992}
  - component: {fileID: 212894901422578336}
  m_Layer: 0
  m_Name: web7
  m_TagString: Untagged
  m_Icon: {fileID: 0}
  m_NavMeshLayer: 0
  m_StaticEditorFlags: 0
  m_IsActive: 1
--- !u!1 &1683026770743218
GameObject:
  m_ObjectHideFlags: 0
  m_CorrespondingSourceObject: {fileID: 0}
  m_PrefabInternal: {fileID: 100100000}
  serializedVersion: 6
  m_Component:
  - component: {fileID: 4145413536242750}
  m_Layer: 0
  m_Name: Character
  m_TagString: Untagged
  m_Icon: {fileID: 0}
  m_NavMeshLayer: 0
  m_StaticEditorFlags: 0
  m_IsActive: 1
--- !u!1 &1694911800708432
GameObject:
  m_ObjectHideFlags: 1
  m_CorrespondingSourceObject: {fileID: 0}
  m_PrefabInternal: {fileID: 100100000}
  serializedVersion: 6
  m_Component:
  - component: {fileID: 4682517684792494}
  - component: {fileID: 212991526415494350}
  m_Layer: 0
  m_Name: web2
  m_TagString: Untagged
  m_Icon: {fileID: 0}
  m_NavMeshLayer: 0
  m_StaticEditorFlags: 0
  m_IsActive: 1
--- !u!1 &1704375953106866
GameObject:
  m_ObjectHideFlags: 1
  m_CorrespondingSourceObject: {fileID: 0}
  m_PrefabInternal: {fileID: 100100000}
  serializedVersion: 6
  m_Component:
  - component: {fileID: 4309130042244832}
  - component: {fileID: 212572643772027550}
  m_Layer: 0
  m_Name: elevator_closed
  m_TagString: Untagged
  m_Icon: {fileID: 0}
  m_NavMeshLayer: 0
  m_StaticEditorFlags: 0
  m_IsActive: 1
--- !u!1 &1715828490338034
GameObject:
  m_ObjectHideFlags: 0
  m_CorrespondingSourceObject: {fileID: 0}
  m_PrefabInternal: {fileID: 100100000}
  serializedVersion: 6
  m_Component:
  - component: {fileID: 4669577310220836}
  m_Layer: 0
  m_Name: roombox_split (1)
  m_TagString: Untagged
  m_Icon: {fileID: 0}
  m_NavMeshLayer: 0
  m_StaticEditorFlags: 0
  m_IsActive: 1
--- !u!1 &1727071263246222
GameObject:
  m_ObjectHideFlags: 1
  m_CorrespondingSourceObject: {fileID: 0}
  m_PrefabInternal: {fileID: 100100000}
  serializedVersion: 6
  m_Component:
  - component: {fileID: 4723410112241824}
  - component: {fileID: 212902857313709844}
  m_Layer: 0
  m_Name: mirror_open
  m_TagString: Untagged
  m_Icon: {fileID: 0}
  m_NavMeshLayer: 0
  m_StaticEditorFlags: 0
  m_IsActive: 1
--- !u!1 &1751212346561658
GameObject:
  m_ObjectHideFlags: 0
  m_CorrespondingSourceObject: {fileID: 0}
  m_PrefabInternal: {fileID: 100100000}
  serializedVersion: 6
  m_Component:
  - component: {fileID: 4726164429987596}
  - component: {fileID: 33307004419015784}
  - component: {fileID: 23869495238801094}
  - component: {fileID: 65467354948119288}
  - component: {fileID: 114401592007953020}
  - component: {fileID: 114428148496538936}
  m_Layer: 13
  m_Name: Portal (3)
  m_TagString: Untagged
  m_Icon: {fileID: 0}
  m_NavMeshLayer: 0
  m_StaticEditorFlags: 0
  m_IsActive: 0
--- !u!1 &1795855087093968
GameObject:
  m_ObjectHideFlags: 1
  m_CorrespondingSourceObject: {fileID: 0}
  m_PrefabInternal: {fileID: 100100000}
  serializedVersion: 6
  m_Component:
  - component: {fileID: 4057919329551730}
  - component: {fileID: 212886363980554714}
  m_Layer: 0
  m_Name: web8
  m_TagString: Untagged
  m_Icon: {fileID: 0}
  m_NavMeshLayer: 0
  m_StaticEditorFlags: 0
  m_IsActive: 1
--- !u!1 &1825453577209480
GameObject:
  m_ObjectHideFlags: 1
  m_CorrespondingSourceObject: {fileID: 0}
  m_PrefabInternal: {fileID: 100100000}
  serializedVersion: 6
  m_Component:
  - component: {fileID: 4437460336511876}
  - component: {fileID: 33712154670728548}
  - component: {fileID: 23646439860541868}
  m_Layer: 0
  m_Name: floor1
  m_TagString: Untagged
  m_Icon: {fileID: 0}
  m_NavMeshLayer: 0
  m_StaticEditorFlags: 0
  m_IsActive: 1
--- !u!1 &1831476571008466
GameObject:
  m_ObjectHideFlags: 1
  m_CorrespondingSourceObject: {fileID: 0}
  m_PrefabInternal: {fileID: 100100000}
  serializedVersion: 6
  m_Component:
  - component: {fileID: 4508585252606816}
  - component: {fileID: 212980161274951014}
  m_Layer: 0
  m_Name: bird
  m_TagString: Untagged
  m_Icon: {fileID: 0}
  m_NavMeshLayer: 0
  m_StaticEditorFlags: 0
  m_IsActive: 1
--- !u!1 &1854423821221178
GameObject:
  m_ObjectHideFlags: 1
  m_CorrespondingSourceObject: {fileID: 0}
  m_PrefabInternal: {fileID: 100100000}
  serializedVersion: 6
  m_Component:
  - component: {fileID: 4892312356913006}
  - component: {fileID: 212546052732858448}
  m_Layer: 0
  m_Name: ball
  m_TagString: Untagged
  m_Icon: {fileID: 0}
  m_NavMeshLayer: 0
  m_StaticEditorFlags: 0
  m_IsActive: 1
--- !u!1 &1861664177514924
GameObject:
  m_ObjectHideFlags: 0
  m_CorrespondingSourceObject: {fileID: 0}
  m_PrefabInternal: {fileID: 100100000}
  serializedVersion: 6
  m_Component:
  - component: {fileID: 4139159352963876}
  - component: {fileID: 212927572960219374}
  m_Layer: 0
  m_Name: _attic_ref
  m_TagString: Untagged
  m_Icon: {fileID: 0}
  m_NavMeshLayer: 0
  m_StaticEditorFlags: 0
  m_IsActive: 0
--- !u!1 &1868889092532570
GameObject:
  m_ObjectHideFlags: 1
  m_CorrespondingSourceObject: {fileID: 0}
  m_PrefabInternal: {fileID: 100100000}
  serializedVersion: 6
  m_Component:
  - component: {fileID: 4163020461990494}
  - component: {fileID: 212844164806872122}
  m_Layer: 0
  m_Name: web6
  m_TagString: Untagged
  m_Icon: {fileID: 0}
  m_NavMeshLayer: 0
  m_StaticEditorFlags: 0
  m_IsActive: 1
--- !u!1 &1872147289308834
GameObject:
  m_ObjectHideFlags: 1
  m_CorrespondingSourceObject: {fileID: 0}
  m_PrefabInternal: {fileID: 100100000}
  serializedVersion: 6
  m_Component:
  - component: {fileID: 4827943861745168}
  - component: {fileID: 212790712845876846}
  m_Layer: 0
  m_Name: web5
  m_TagString: Untagged
  m_Icon: {fileID: 0}
  m_NavMeshLayer: 0
  m_StaticEditorFlags: 0
  m_IsActive: 1
--- !u!1 &1876527027650356
GameObject:
  m_ObjectHideFlags: 1
  m_CorrespondingSourceObject: {fileID: 0}
  m_PrefabInternal: {fileID: 100100000}
  serializedVersion: 6
  m_Component:
  - component: {fileID: 4062401080866910}
  - component: {fileID: 33314480453950006}
  - component: {fileID: 23327677722952690}
  m_Layer: 0
  m_Name: ceil1
  m_TagString: Untagged
  m_Icon: {fileID: 0}
  m_NavMeshLayer: 0
  m_StaticEditorFlags: 0
  m_IsActive: 1
--- !u!1 &1906199594334826
GameObject:
  m_ObjectHideFlags: 1
  m_CorrespondingSourceObject: {fileID: 0}
  m_PrefabInternal: {fileID: 100100000}
  serializedVersion: 6
  m_Component:
  - component: {fileID: 4852497099648280}
  - component: {fileID: 212399654007907606}
  m_Layer: 0
  m_Name: window_opened
  m_TagString: Untagged
  m_Icon: {fileID: 0}
  m_NavMeshLayer: 0
  m_StaticEditorFlags: 0
  m_IsActive: 1
--- !u!1 &1913534176143696
GameObject:
  m_ObjectHideFlags: 0
  m_CorrespondingSourceObject: {fileID: 0}
  m_PrefabInternal: {fileID: 100100000}
  serializedVersion: 6
  m_Component:
  - component: {fileID: 4424250695686028}
  m_Layer: 0
  m_Name: furniture_pivot
  m_TagString: Untagged
  m_Icon: {fileID: 0}
  m_NavMeshLayer: 0
  m_StaticEditorFlags: 0
  m_IsActive: 1
--- !u!1 &1954243134325116
GameObject:
  m_ObjectHideFlags: 1
  m_CorrespondingSourceObject: {fileID: 0}
  m_PrefabInternal: {fileID: 100100000}
  serializedVersion: 6
  m_Component:
  - component: {fileID: 4813618079671620}
  - component: {fileID: 212636109871680690}
  m_Layer: 0
  m_Name: box
  m_TagString: Untagged
  m_Icon: {fileID: 0}
  m_NavMeshLayer: 0
  m_StaticEditorFlags: 0
  m_IsActive: 1
--- !u!4 &4057919329551730
Transform:
  m_ObjectHideFlags: 1
  m_CorrespondingSourceObject: {fileID: 0}
  m_PrefabInternal: {fileID: 100100000}
  m_GameObject: {fileID: 1795855087093968}
  m_LocalRotation: {x: 0.24104114, y: -0.0320994, z: 0.5883194, w: 0.7711998}
  m_LocalPosition: {x: 3.313, y: 0.252, z: 1.971}
  m_LocalScale: {x: 1, y: 1, z: 1}
  m_Children: []
  m_Father: {fileID: 4101073825066146}
  m_RootOrder: 6
  m_LocalEulerAnglesHint: {x: 24.177002, y: 14.869, z: 77.879005}
--- !u!4 &4062401080866910
Transform:
  m_ObjectHideFlags: 1
  m_CorrespondingSourceObject: {fileID: 0}
  m_PrefabInternal: {fileID: 100100000}
  m_GameObject: {fileID: 1876527027650356}
  m_LocalRotation: {x: 1, y: -0, z: 0, w: 6.123234e-17}
  m_LocalPosition: {x: -0, y: 2.8, z: 0}
  m_LocalScale: {x: 7, y: 1, z: 4}
  m_Children: []
  m_Father: {fileID: 4669577310220836}
  m_RootOrder: 1
  m_LocalEulerAnglesHint: {x: 0, y: 0, z: 0}
--- !u!4 &4101073825066146
Transform:
  m_ObjectHideFlags: 1
  m_CorrespondingSourceObject: {fileID: 0}
  m_PrefabInternal: {fileID: 100100000}
  m_GameObject: {fileID: 1286269745951776}
  m_LocalRotation: {x: 0, y: 0, z: 0, w: 1}
  m_LocalPosition: {x: 0, y: 0, z: 0}
  m_LocalScale: {x: 1, y: 1, z: 1}
  m_Children:
  - {fileID: 4511937800458584}
  - {fileID: 4224394271038236}
  - {fileID: 4827943861745168}
  - {fileID: 4682517684792494}
  - {fileID: 4163020461990494}
  - {fileID: 4224988011270992}
  - {fileID: 4057919329551730}
  m_Father: {fileID: 4424250695686028}
  m_RootOrder: 11
  m_LocalEulerAnglesHint: {x: 0, y: 0, z: 0}
--- !u!4 &4136031013128022
Transform:
  m_ObjectHideFlags: 1
  m_CorrespondingSourceObject: {fileID: 0}
  m_PrefabInternal: {fileID: 100100000}
  m_GameObject: {fileID: 1641560086051230}
  m_LocalRotation: {x: -0, y: -0, z: -0, w: 1}
  m_LocalPosition: {x: -2.6289997, y: 1.034, z: 2.02}
  m_LocalScale: {x: 0.8, y: 0.8, z: 0.8}
  m_Children:
  - {fileID: 4723410112241824}
  - {fileID: 4696672267721472}
  m_Father: {fileID: 4424250695686028}
  m_RootOrder: 10
  m_LocalEulerAnglesHint: {x: 0, y: 0, z: 0}
--- !u!4 &4136233015692012
Transform:
  m_ObjectHideFlags: 1
  m_CorrespondingSourceObject: {fileID: 0}
  m_PrefabInternal: {fileID: 100100000}
  m_GameObject: {fileID: 1097888072942120}
  m_LocalRotation: {x: -0, y: -0, z: -0.039909415, w: 0.9992033}
  m_LocalPosition: {x: 3.105, y: 0.475, z: -0.23}
  m_LocalScale: {x: 1, y: 1, z: 1}
  m_Children: []
  m_Father: {fileID: 4424250695686028}
  m_RootOrder: 4
  m_LocalEulerAnglesHint: {x: 0, y: 0, z: -4.5740004}
--- !u!4 &4139159352963876
Transform:
  m_ObjectHideFlags: 1
  m_CorrespondingSourceObject: {fileID: 0}
  m_PrefabInternal: {fileID: 100100000}
  m_GameObject: {fileID: 1861664177514924}
  m_LocalRotation: {x: -0, y: -0, z: -0, w: 1}
  m_LocalPosition: {x: 0, y: 0.85, z: 0}
  m_LocalScale: {x: 1, y: 1, z: 1}
  m_Children: []
  m_Father: {fileID: 4543535096798798}
  m_RootOrder: 3
  m_LocalEulerAnglesHint: {x: 0, y: 0, z: 0}
--- !u!4 &4145413536242750
Transform:
  m_ObjectHideFlags: 1
  m_CorrespondingSourceObject: {fileID: 0}
  m_PrefabInternal: {fileID: 100100000}
  m_GameObject: {fileID: 1683026770743218}
  m_LocalRotation: {x: -0, y: -0, z: -0, w: 1}
  m_LocalPosition: {x: 0, y: 0, z: 0}
  m_LocalScale: {x: 1, y: 1, z: 1}
  m_Children: []
  m_Father: {fileID: 4543535096798798}
  m_RootOrder: 1
  m_LocalEulerAnglesHint: {x: 0, y: 0, z: 0}
--- !u!4 &4146895735588904
Transform:
  m_ObjectHideFlags: 1
  m_CorrespondingSourceObject: {fileID: 0}
  m_PrefabInternal: {fileID: 100100000}
  m_GameObject: {fileID: 1115014831993852}
  m_LocalRotation: {x: 0.7071068, y: -0, z: -0, w: 0.7071068}
  m_LocalPosition: {x: -3.5, y: 1.4, z: 2}
  m_LocalScale: {x: 0.1, y: 1, z: 2.8}
  m_Children: []
  m_Father: {fileID: 4669577310220836}
  m_RootOrder: 8
  m_LocalEulerAnglesHint: {x: 0, y: 0, z: 0}
--- !u!4 &4163020461990494
Transform:
  m_ObjectHideFlags: 1
  m_CorrespondingSourceObject: {fileID: 0}
  m_PrefabInternal: {fileID: 100100000}
  m_GameObject: {fileID: 1868889092532570}
  m_LocalRotation: {x: 0.031387333, y: 0.04139755, z: 0.08072845, w: 0.99538136}
  m_LocalPosition: {x: 0.823, y: 0.277, z: 2.419}
  m_LocalScale: {x: 0.7498864, y: 0.7498864, z: 0.7498864}
  m_Children: []
  m_Father: {fileID: 4101073825066146}
  m_RootOrder: 4
  m_LocalEulerAnglesHint: {x: 3.1990001, y: 5.0270004, z: 9.4140005}
--- !u!4 &4214239601980660
Transform:
  m_ObjectHideFlags: 1
  m_CorrespondingSourceObject: {fileID: 0}
  m_PrefabInternal: {fileID: 100100000}
  m_GameObject: {fileID: 1001498975502368}
  m_LocalRotation: {x: 0.7071068, y: -0, z: -0, w: 0.7071068}
  m_LocalPosition: {x: -0, y: 1.4, z: -2}
  m_LocalScale: {x: 7, y: 1, z: 2.8}
  m_Children: []
  m_Father: {fileID: 4669577310220836}
  m_RootOrder: 0
  m_LocalEulerAnglesHint: {x: 0, y: 0, z: 0}
--- !u!4 &4224394271038236
Transform:
  m_ObjectHideFlags: 1
  m_CorrespondingSourceObject: {fileID: 0}
  m_PrefabInternal: {fileID: 100100000}
  m_GameObject: {fileID: 1422473517885272}
  m_LocalRotation: {x: -0, y: -0, z: -1, w: 0.0000006407499}
  m_LocalPosition: {x: -3.163, y: 0.613, z: 1.85}
  m_LocalScale: {x: 1, y: 1, z: 1}
  m_Children: []
  m_Father: {fileID: 4101073825066146}
  m_RootOrder: 1
  m_LocalEulerAnglesHint: {x: 0, y: 0, z: -180.00002}
--- !u!4 &4224988011270992
Transform:
  m_ObjectHideFlags: 1
  m_CorrespondingSourceObject: {fileID: 0}
  m_PrefabInternal: {fileID: 100100000}
  m_GameObject: {fileID: 1682934102448670}
  m_LocalRotation: {x: -0, y: -0, z: 0.044571135, w: 0.9990063}
  m_LocalPosition: {x: 2.675, y: 0.406, z: -0.253}
  m_LocalScale: {x: 1.8031472, y: 1.8031472, z: 1.8031472}
  m_Children: []
  m_Father: {fileID: 4101073825066146}
  m_RootOrder: 5
  m_LocalEulerAnglesHint: {x: 0, y: 0, z: 5.109}
--- !u!4 &4309130042244832
Transform:
  m_ObjectHideFlags: 1
  m_CorrespondingSourceObject: {fileID: 0}
  m_PrefabInternal: {fileID: 100100000}
  m_GameObject: {fileID: 1704375953106866}
  m_LocalRotation: {x: -0, y: -0, z: -0, w: 1}
  m_LocalPosition: {x: -0.003, y: 0.002, z: 0}
  m_LocalScale: {x: 1, y: 1, z: 1}
  m_Children: []
  m_Father: {fileID: 4844714032763170}
  m_RootOrder: 1
  m_LocalEulerAnglesHint: {x: 0, y: 0, z: 0}
--- !u!4 &4317037281538816
Transform:
  m_ObjectHideFlags: 1
  m_CorrespondingSourceObject: {fileID: 0}
  m_PrefabInternal: {fileID: 100100000}
  m_GameObject: {fileID: 1557679452875478}
  m_LocalRotation: {x: 0.7071068, y: -0, z: -0, w: 0.7071068}
  m_LocalPosition: {x: -0, y: 2.8, z: 2}
  m_LocalScale: {x: 7.2, y: 1, z: 0.15}
  m_Children: []
  m_Father: {fileID: 4669577310220836}
  m_RootOrder: 5
  m_LocalEulerAnglesHint: {x: 0, y: 0, z: 0}
--- !u!4 &4424250695686028
Transform:
  m_ObjectHideFlags: 1
  m_CorrespondingSourceObject: {fileID: 0}
  m_PrefabInternal: {fileID: 100100000}
  m_GameObject: {fileID: 1913534176143696}
  m_LocalRotation: {x: 0, y: 0, z: 0, w: 1}
  m_LocalPosition: {x: 0, y: 0, z: 0}
  m_LocalScale: {x: 1, y: 1, z: 1}
  m_Children:
  - {fileID: 4859871495448642}
  - {fileID: 4892312356913006}
  - {fileID: 4508585252606816}
  - {fileID: 4813618079671620}
  - {fileID: 4136233015692012}
  - {fileID: 4889256350908532}
  - {fileID: 4992574593730108}
  - {fileID: 4844714032763170}
  - {fileID: 4918282116916672}
  - {fileID: 4876998550847834}
  - {fileID: 4136031013128022}
  - {fileID: 4101073825066146}
  m_Father: {fileID: 4543535096798798}
  m_RootOrder: 4
  m_LocalEulerAnglesHint: {x: 0, y: 0, z: 0}
--- !u!4 &4437460336511876
Transform:
  m_ObjectHideFlags: 1
  m_CorrespondingSourceObject: {fileID: 0}
  m_PrefabInternal: {fileID: 100100000}
  m_GameObject: {fileID: 1825453577209480}
  m_LocalRotation: {x: 0, y: -0, z: -0, w: 1}
  m_LocalPosition: {x: -0, y: 0, z: 0}
  m_LocalScale: {x: 7, y: 1, z: 4}
  m_Children: []
  m_Father: {fileID: 4669577310220836}
  m_RootOrder: 2
  m_LocalEulerAnglesHint: {x: 0, y: 0, z: 0}
--- !u!4 &4508585252606816
Transform:
  m_ObjectHideFlags: 1
  m_CorrespondingSourceObject: {fileID: 0}
  m_PrefabInternal: {fileID: 100100000}
  m_GameObject: {fileID: 1831476571008466}
  m_LocalRotation: {x: -0, y: -0, z: -0, w: 1}
  m_LocalPosition: {x: 1.965, y: 1.369, z: 2.95}
  m_LocalScale: {x: 1, y: 1, z: 1}
  m_Children: []
  m_Father: {fileID: 4424250695686028}
  m_RootOrder: 2
  m_LocalEulerAnglesHint: {x: 0, y: 0, z: 0}
--- !u!4 &4511937800458584
Transform:
  m_ObjectHideFlags: 1
  m_CorrespondingSourceObject: {fileID: 0}
  m_PrefabInternal: {fileID: 100100000}
  m_GameObject: {fileID: 1147338984565788}
  m_LocalRotation: {x: -0.10527989, y: -0.104813956, z: 0.6977079, w: -0.7008095}
  m_LocalPosition: {x: -3.021, y: 0.089, z: -0.753}
  m_LocalScale: {x: 1, y: 1, z: 1}
  m_Children: []
  m_Father: {fileID: 4101073825066146}
  m_RootOrder: 0
  m_LocalEulerAnglesHint: {x: 17.087, y: 16.175001, z: -89.746}
--- !u!4 &4542080576622330
Transform:
  m_ObjectHideFlags: 1
  m_CorrespondingSourceObject: {fileID: 0}
  m_PrefabInternal: {fileID: 100100000}
  m_GameObject: {fileID: 1531687200010022}
  m_LocalRotation: {x: 0.5, y: 0.5, z: -0.5, w: 0.5}
  m_LocalPosition: {x: -3.5, y: 1.4, z: 0}
  m_LocalScale: {x: 4, y: 1, z: 2.8}
  m_Children: []
  m_Father: {fileID: 4669577310220836}
  m_RootOrder: 4
  m_LocalEulerAnglesHint: {x: 0, y: 0, z: 0}
--- !u!4 &4543535096798798
Transform:
  m_ObjectHideFlags: 1
  m_CorrespondingSourceObject: {fileID: 0}
  m_PrefabInternal: {fileID: 100100000}
  m_GameObject: {fileID: 1148615641654244}
  m_LocalRotation: {x: 0, y: 0, z: 0, w: 1}
  m_LocalPosition: {x: -12.65, y: 23.1, z: 0}
  m_LocalScale: {x: 1, y: 1, z: 1}
  m_Children:
  - {fileID: 4552778725910098}
  - {fileID: 4145413536242750}
  - {fileID: 4726164429987596}
  - {fileID: 4139159352963876}
  - {fileID: 4424250695686028}
  - {fileID: 4669577310220836}
  m_Father: {fileID: 0}
  m_RootOrder: 0
  m_LocalEulerAnglesHint: {x: 0, y: 0, z: 0}
--- !u!4 &4552778725910098
Transform:
  m_ObjectHideFlags: 1
  m_CorrespondingSourceObject: {fileID: 0}
  m_PrefabInternal: {fileID: 100100000}
  m_GameObject: {fileID: 1637497469916326}
  m_LocalRotation: {x: -0, y: -0, z: -0, w: 1}
  m_LocalPosition: {x: -0, y: -0, z: -1}
  m_LocalScale: {x: 1, y: 1, z: 1}
  m_Children: []
  m_Father: {fileID: 4543535096798798}
  m_RootOrder: 0
  m_LocalEulerAnglesHint: {x: 0, y: 0, z: 0}
--- !u!4 &4669577310220836
Transform:
  m_ObjectHideFlags: 1
  m_CorrespondingSourceObject: {fileID: 0}
  m_PrefabInternal: {fileID: 100100000}
  m_GameObject: {fileID: 1715828490338034}
  m_LocalRotation: {x: -0, y: 1, z: -0, w: -0.00000004371139}
  m_LocalPosition: {x: 0, y: 0, z: 1}
  m_LocalScale: {x: 1, y: 1, z: 1}
  m_Children:
  - {fileID: 4214239601980660}
  - {fileID: 4062401080866910}
  - {fileID: 4437460336511876}
  - {fileID: 4713537530402602}
  - {fileID: 4542080576622330}
  - {fileID: 4317037281538816}
  - {fileID: 4798593305819156}
  - {fileID: 4765070317587514}
  - {fileID: 4146895735588904}
  m_Father: {fileID: 4543535096798798}
  m_RootOrder: 5
  m_LocalEulerAnglesHint: {x: 0, y: 0, z: 0}
--- !u!4 &4682517684792494
Transform:
  m_ObjectHideFlags: 1
  m_CorrespondingSourceObject: {fileID: 0}
  m_PrefabInternal: {fileID: 100100000}
  m_GameObject: {fileID: 1694911800708432}
  m_LocalRotation: {x: -0, y: -0, z: 0.9845665, w: 0.17501068}
  m_LocalPosition: {x: -0.236, y: 0.237, z: 2.386}
  m_LocalScale: {x: 0.51275, y: 0.51275, z: 0.51275}
  m_Children: []
  m_Father: {fileID: 4101073825066146}
  m_RootOrder: 3
  m_LocalEulerAnglesHint: {x: 0, y: 0, z: 159.841}
--- !u!4 &4696672267721472
Transform:
  m_ObjectHideFlags: 1
  m_CorrespondingSourceObject: {fileID: 0}
  m_PrefabInternal: {fileID: 100100000}
  m_GameObject: {fileID: 1406255558906538}
  m_LocalRotation: {x: -0, y: -0, z: -0, w: 1}
  m_LocalPosition: {x: -0.043, y: 0.027, z: 0}
  m_LocalScale: {x: 1, y: 1, z: 1}
  m_Children: []
  m_Father: {fileID: 4136031013128022}
  m_RootOrder: 1
  m_LocalEulerAnglesHint: {x: 0, y: 0, z: 0}
--- !u!4 &4713537530402602
Transform:
  m_ObjectHideFlags: 1
  m_CorrespondingSourceObject: {fileID: 0}
  m_PrefabInternal: {fileID: 100100000}
  m_GameObject: {fileID: 1049371068245832}
  m_LocalRotation: {x: 0.5, y: -0.5, z: 0.5, w: 0.5}
  m_LocalPosition: {x: 3.5, y: 1.4, z: 0}
  m_LocalScale: {x: 4, y: 1, z: 2.8}
  m_Children: []
  m_Father: {fileID: 4669577310220836}
  m_RootOrder: 3
  m_LocalEulerAnglesHint: {x: 0, y: 0, z: 0}
--- !u!4 &4723410112241824
Transform:
  m_ObjectHideFlags: 1
  m_CorrespondingSourceObject: {fileID: 0}
  m_PrefabInternal: {fileID: 100100000}
  m_GameObject: {fileID: 1727071263246222}
  m_LocalRotation: {x: -0, y: -0, z: -0, w: 1}
  m_LocalPosition: {x: 0, y: 0, z: 0}
  m_LocalScale: {x: 1, y: 1, z: 1}
  m_Children: []
  m_Father: {fileID: 4136031013128022}
  m_RootOrder: 0
  m_LocalEulerAnglesHint: {x: 0, y: 0, z: 0}
--- !u!4 &4726164429987596
Transform:
  m_ObjectHideFlags: 1
  m_CorrespondingSourceObject: {fileID: 0}
  m_PrefabInternal: {fileID: 100100000}
  m_GameObject: {fileID: 1751212346561658}
  m_LocalRotation: {x: 0, y: 0.7071068, z: 0, w: 0.7071068}
  m_LocalPosition: {x: 1.23, y: 1, z: 3}
  m_LocalScale: {x: 0.25, y: 2, z: 1}
  m_Children: []
  m_Father: {fileID: 4543535096798798}
  m_RootOrder: 2
  m_LocalEulerAnglesHint: {x: 0, y: 0, z: 0}
--- !u!4 &4765070317587514
Transform:
  m_ObjectHideFlags: 1
  m_CorrespondingSourceObject: {fileID: 0}
  m_PrefabInternal: {fileID: 100100000}
  m_GameObject: {fileID: 1113066196588172}
  m_LocalRotation: {x: 0.7071068, y: -0, z: -0, w: 0.7071068}
  m_LocalPosition: {x: 3.5, y: 1.4, z: 2}
  m_LocalScale: {x: 0.1, y: 1, z: 2.8}
  m_Children: []
  m_Father: {fileID: 4669577310220836}
  m_RootOrder: 7
  m_LocalEulerAnglesHint: {x: 0, y: 0, z: 0}
--- !u!4 &4798593305819156
Transform:
  m_ObjectHideFlags: 1
  m_CorrespondingSourceObject: {fileID: 0}
  m_PrefabInternal: {fileID: 100100000}
  m_GameObject: {fileID: 1207268027845992}
  m_LocalRotation: {x: 0.7071068, y: -0, z: -0, w: 0.7071068}
  m_LocalPosition: {x: -0, y: 0, z: 2}
  m_LocalScale: {x: 7.2, y: 1, z: 0.15}
  m_Children: []
  m_Father: {fileID: 4669577310220836}
  m_RootOrder: 6
  m_LocalEulerAnglesHint: {x: 0, y: 0, z: 0}
--- !u!4 &4813618079671620
Transform:
  m_ObjectHideFlags: 1
  m_CorrespondingSourceObject: {fileID: 0}
  m_PrefabInternal: {fileID: 100100000}
  m_GameObject: {fileID: 1954243134325116}
  m_LocalRotation: {x: -0, y: -0, z: -0, w: 1}
  m_LocalPosition: {x: 0.255, y: 0.308, z: 2.414}
  m_LocalScale: {x: 1, y: 1, z: 1}
  m_Children: []
  m_Father: {fileID: 4424250695686028}
  m_RootOrder: 3
  m_LocalEulerAnglesHint: {x: 0, y: 0, z: 0}
--- !u!4 &4814125756822254
Transform:
  m_ObjectHideFlags: 1
  m_CorrespondingSourceObject: {fileID: 0}
  m_PrefabInternal: {fileID: 100100000}
  m_GameObject: {fileID: 1128518998627022}
  m_LocalRotation: {x: -0, y: -0, z: -0, w: 1}
  m_LocalPosition: {x: 0, y: 0, z: 0}
  m_LocalScale: {x: 1, y: 1, z: 1}
  m_Children: []
  m_Father: {fileID: 4859871495448642}
  m_RootOrder: 0
  m_LocalEulerAnglesHint: {x: 0, y: 0, z: 0}
--- !u!4 &4827943861745168
Transform:
  m_ObjectHideFlags: 1
  m_CorrespondingSourceObject: {fileID: 0}
  m_PrefabInternal: {fileID: 100100000}
  m_GameObject: {fileID: 1872147289308834}
  m_LocalRotation: {x: -0, y: -0, z: -0, w: 1}
  m_LocalPosition: {x: -1.76, y: 0.247, z: 2.342}
  m_LocalScale: {x: 1, y: 1, z: 1}
  m_Children: []
  m_Father: {fileID: 4101073825066146}
  m_RootOrder: 2
  m_LocalEulerAnglesHint: {x: 0, y: 0, z: 0}
--- !u!4 &4844714032763170
Transform:
  m_ObjectHideFlags: 1
  m_CorrespondingSourceObject: {fileID: 0}
  m_PrefabInternal: {fileID: 100100000}
  m_GameObject: {fileID: 1495031328439550}
  m_LocalRotation: {x: -0, y: -0, z: -0, w: 1}
  m_LocalPosition: {x: 2.1999998, y: 1.191, z: 2.95}
  m_LocalScale: {x: 1, y: 1, z: 1}
  m_Children:
  - {fileID: 4886325981198850}
  - {fileID: 4309130042244832}
  m_Father: {fileID: 4424250695686028}
  m_RootOrder: 7
  m_LocalEulerAnglesHint: {x: 0, y: 0, z: 0}
--- !u!4 &4852497099648280
Transform:
  m_ObjectHideFlags: 1
  m_CorrespondingSourceObject: {fileID: 0}
  m_PrefabInternal: {fileID: 100100000}
  m_GameObject: {fileID: 1906199594334826}
  m_LocalRotation: {x: -0, y: -0, z: -0, w: 1}
  m_LocalPosition: {x: 0, y: 0, z: 0}
  m_LocalScale: {x: 1, y: 1, z: 1}
  m_Children: []
  m_Father: {fileID: 4859871495448642}
  m_RootOrder: 1
  m_LocalEulerAnglesHint: {x: 0, y: 0, z: 0}
--- !u!4 &4859871495448642
Transform:
  m_ObjectHideFlags: 1
  m_CorrespondingSourceObject: {fileID: 0}
  m_PrefabInternal: {fileID: 100100000}
  m_GameObject: {fileID: 1383448171235420}
  m_LocalRotation: {x: 0, y: 0, z: 0, w: 1}
  m_LocalPosition: {x: -0.798, y: 1.28, z: 2.95}
  m_LocalScale: {x: 1, y: 1, z: 1}
  m_Children:
  - {fileID: 4814125756822254}
  - {fileID: 4852497099648280}
  m_Father: {fileID: 4424250695686028}
  m_RootOrder: 0
  m_LocalEulerAnglesHint: {x: 0, y: 0, z: 0}
--- !u!4 &4876998550847834
Transform:
  m_ObjectHideFlags: 1
  m_CorrespondingSourceObject: {fileID: 0}
  m_PrefabInternal: {fileID: 100100000}
  m_GameObject: {fileID: 1021177077048512}
  m_LocalRotation: {x: -0, y: -0, z: -0, w: 1}
  m_LocalPosition: {x: 3.16, y: 0.408, z: 2.12}
  m_LocalScale: {x: 1, y: 1, z: 1}
  m_Children: []
  m_Father: {fileID: 4424250695686028}
  m_RootOrder: 9
  m_LocalEulerAnglesHint: {x: 0, y: 0, z: 0}
--- !u!4 &4886325981198850
Transform:
  m_ObjectHideFlags: 1
  m_CorrespondingSourceObject: {fileID: 0}
  m_PrefabInternal: {fileID: 100100000}
  m_GameObject: {fileID: 1326006777329760}
  m_LocalRotation: {x: -0, y: -0, z: -0, w: 1}
  m_LocalPosition: {x: 0, y: 0, z: 0}
  m_LocalScale: {x: 1, y: 1, z: 1}
  m_Children: []
  m_Father: {fileID: 4844714032763170}
  m_RootOrder: 0
  m_LocalEulerAnglesHint: {x: 0, y: 0, z: 0}
--- !u!4 &4889256350908532
Transform:
  m_ObjectHideFlags: 1
  m_CorrespondingSourceObject: {fileID: 0}
  m_PrefabInternal: {fileID: 100100000}
  m_GameObject: {fileID: 1505369830386186}
  m_LocalRotation: {x: -0, y: -0, z: -0.019069023, w: 0.99981815}
  m_LocalPosition: {x: -1.196, y: 0.419, z: 2.51}
  m_LocalScale: {x: 1, y: 1, z: 1}
  m_Children: []
  m_Father: {fileID: 4424250695686028}
  m_RootOrder: 5
  m_LocalEulerAnglesHint: {x: 0, y: 0, z: -2.1850002}
--- !u!4 &4892312356913006
Transform:
  m_ObjectHideFlags: 1
  m_CorrespondingSourceObject: {fileID: 0}
  m_PrefabInternal: {fileID: 100100000}
  m_GameObject: {fileID: 1854423821221178}
  m_LocalRotation: {x: -0, y: -0, z: -0, w: 1}
  m_LocalPosition: {x: 1.118, y: 0.0708, z: 2.406}
  m_LocalScale: {x: 1, y: 1, z: 1}
  m_Children: []
  m_Father: {fileID: 4424250695686028}
  m_RootOrder: 1
  m_LocalEulerAnglesHint: {x: 0, y: 0, z: 0}
--- !u!4 &4918282116916672
Transform:
  m_ObjectHideFlags: 1
  m_CorrespondingSourceObject: {fileID: 0}
  m_PrefabInternal: {fileID: 100100000}
  m_GameObject: {fileID: 1141049258878320}
  m_LocalRotation: {x: -0, y: -0, z: -0, w: 1}
  m_LocalPosition: {x: -2.814, y: 0.314, z: -0.708}
  m_LocalScale: {x: 1, y: 1, z: 1}
  m_Children: []
  m_Father: {fileID: 4424250695686028}
  m_RootOrder: 8
  m_LocalEulerAnglesHint: {x: 0, y: 0, z: 0}
--- !u!4 &4992574593730108
Transform:
  m_ObjectHideFlags: 1
  m_CorrespondingSourceObject: {fileID: 0}
  m_PrefabInternal: {fileID: 100100000}
  m_GameObject: {fileID: 1607802873793658}
  m_LocalRotation: {x: -0, y: -0, z: -0, w: 1}
  m_LocalPosition: {x: 1.33, y: 1.248, z: 2.95}
  m_LocalScale: {x: 1, y: 1, z: 1}
  m_Children: []
  m_Father: {fileID: 4424250695686028}
  m_RootOrder: 6
  m_LocalEulerAnglesHint: {x: 0, y: 0, z: 0}
--- !u!23 &23291091214854944
MeshRenderer:
  m_ObjectHideFlags: 1
  m_CorrespondingSourceObject: {fileID: 0}
  m_PrefabInternal: {fileID: 100100000}
  m_GameObject: {fileID: 1049371068245832}
  m_Enabled: 1
  m_CastShadows: 0
  m_ReceiveShadows: 0
  m_DynamicOccludee: 1
  m_MotionVectors: 1
  m_LightProbeUsage: 0
  m_ReflectionProbeUsage: 0
  m_RenderingLayerMask: 4294967295
  m_Materials:
  - {fileID: 2100000, guid: 2e00ce24a2b9f7a4ab678d2de4761235, type: 2}
  m_StaticBatchInfo:
    firstSubMesh: 0
    subMeshCount: 0
  m_StaticBatchRoot: {fileID: 0}
  m_ProbeAnchor: {fileID: 0}
  m_LightProbeVolumeOverride: {fileID: 0}
  m_ScaleInLightmap: 1
  m_PreserveUVs: 0
  m_IgnoreNormalsForChartDetection: 0
  m_ImportantGI: 0
  m_StitchLightmapSeams: 0
  m_SelectedEditorRenderState: 3
  m_MinimumChartSize: 4
  m_AutoUVMaxDistance: 0.5
  m_AutoUVMaxAngle: 89
  m_LightmapParameters: {fileID: 0}
  m_SortingLayerID: 0
  m_SortingLayer: 0
  m_SortingOrder: 0
--- !u!23 &23320110384473508
MeshRenderer:
  m_ObjectHideFlags: 1
  m_CorrespondingSourceObject: {fileID: 0}
  m_PrefabInternal: {fileID: 100100000}
  m_GameObject: {fileID: 1531687200010022}
  m_Enabled: 1
  m_CastShadows: 0
  m_ReceiveShadows: 0
  m_DynamicOccludee: 1
  m_MotionVectors: 1
  m_LightProbeUsage: 0
  m_ReflectionProbeUsage: 0
  m_RenderingLayerMask: 4294967295
  m_Materials:
  - {fileID: 2100000, guid: 2e00ce24a2b9f7a4ab678d2de4761235, type: 2}
  m_StaticBatchInfo:
    firstSubMesh: 0
    subMeshCount: 0
  m_StaticBatchRoot: {fileID: 0}
  m_ProbeAnchor: {fileID: 0}
  m_LightProbeVolumeOverride: {fileID: 0}
  m_ScaleInLightmap: 1
  m_PreserveUVs: 0
  m_IgnoreNormalsForChartDetection: 0
  m_ImportantGI: 0
  m_StitchLightmapSeams: 0
  m_SelectedEditorRenderState: 3
  m_MinimumChartSize: 4
  m_AutoUVMaxDistance: 0.5
  m_AutoUVMaxAngle: 89
  m_LightmapParameters: {fileID: 0}
  m_SortingLayerID: 0
  m_SortingLayer: 0
  m_SortingOrder: 0
--- !u!23 &23327677722952690
MeshRenderer:
  m_ObjectHideFlags: 1
  m_CorrespondingSourceObject: {fileID: 0}
  m_PrefabInternal: {fileID: 100100000}
  m_GameObject: {fileID: 1876527027650356}
  m_Enabled: 1
  m_CastShadows: 0
  m_ReceiveShadows: 0
  m_DynamicOccludee: 1
  m_MotionVectors: 1
  m_LightProbeUsage: 0
  m_ReflectionProbeUsage: 0
  m_RenderingLayerMask: 4294967295
  m_Materials:
  - {fileID: 2100000, guid: 59dc000347251ce428d90c120d16288e, type: 2}
  m_StaticBatchInfo:
    firstSubMesh: 0
    subMeshCount: 0
  m_StaticBatchRoot: {fileID: 0}
  m_ProbeAnchor: {fileID: 0}
  m_LightProbeVolumeOverride: {fileID: 0}
  m_ScaleInLightmap: 1
  m_PreserveUVs: 0
  m_IgnoreNormalsForChartDetection: 0
  m_ImportantGI: 0
  m_StitchLightmapSeams: 0
  m_SelectedEditorRenderState: 3
  m_MinimumChartSize: 4
  m_AutoUVMaxDistance: 0.5
  m_AutoUVMaxAngle: 89
  m_LightmapParameters: {fileID: 0}
  m_SortingLayerID: 0
  m_SortingLayer: 0
  m_SortingOrder: 0
--- !u!23 &23532193697580452
MeshRenderer:
  m_ObjectHideFlags: 1
  m_CorrespondingSourceObject: {fileID: 0}
  m_PrefabInternal: {fileID: 100100000}
  m_GameObject: {fileID: 1115014831993852}
  m_Enabled: 1
  m_CastShadows: 0
  m_ReceiveShadows: 0
  m_DynamicOccludee: 1
  m_MotionVectors: 1
  m_LightProbeUsage: 0
  m_ReflectionProbeUsage: 0
  m_RenderingLayerMask: 4294967295
  m_Materials:
  - {fileID: 2100010, guid: ad35b1d7b6eaebe4a965b908b5c56a8e, type: 3}
  m_StaticBatchInfo:
    firstSubMesh: 0
    subMeshCount: 0
  m_StaticBatchRoot: {fileID: 0}
  m_ProbeAnchor: {fileID: 0}
  m_LightProbeVolumeOverride: {fileID: 0}
  m_ScaleInLightmap: 1
  m_PreserveUVs: 0
  m_IgnoreNormalsForChartDetection: 0
  m_ImportantGI: 0
  m_StitchLightmapSeams: 0
  m_SelectedEditorRenderState: 3
  m_MinimumChartSize: 4
  m_AutoUVMaxDistance: 0.5
  m_AutoUVMaxAngle: 89
  m_LightmapParameters: {fileID: 0}
  m_SortingLayerID: 0
  m_SortingLayer: 0
  m_SortingOrder: 0
--- !u!23 &23551406108887384
MeshRenderer:
  m_ObjectHideFlags: 1
  m_CorrespondingSourceObject: {fileID: 0}
  m_PrefabInternal: {fileID: 100100000}
  m_GameObject: {fileID: 1113066196588172}
  m_Enabled: 1
  m_CastShadows: 0
  m_ReceiveShadows: 0
  m_DynamicOccludee: 1
  m_MotionVectors: 1
  m_LightProbeUsage: 0
  m_ReflectionProbeUsage: 0
  m_RenderingLayerMask: 4294967295
  m_Materials:
  - {fileID: 2100010, guid: ad35b1d7b6eaebe4a965b908b5c56a8e, type: 3}
  m_StaticBatchInfo:
    firstSubMesh: 0
    subMeshCount: 0
  m_StaticBatchRoot: {fileID: 0}
  m_ProbeAnchor: {fileID: 0}
  m_LightProbeVolumeOverride: {fileID: 0}
  m_ScaleInLightmap: 1
  m_PreserveUVs: 0
  m_IgnoreNormalsForChartDetection: 0
  m_ImportantGI: 0
  m_StitchLightmapSeams: 0
  m_SelectedEditorRenderState: 3
  m_MinimumChartSize: 4
  m_AutoUVMaxDistance: 0.5
  m_AutoUVMaxAngle: 89
  m_LightmapParameters: {fileID: 0}
  m_SortingLayerID: 0
  m_SortingLayer: 0
  m_SortingOrder: 0
--- !u!23 &23576486754833990
MeshRenderer:
  m_ObjectHideFlags: 1
  m_CorrespondingSourceObject: {fileID: 0}
  m_PrefabInternal: {fileID: 100100000}
  m_GameObject: {fileID: 1001498975502368}
  m_Enabled: 1
  m_CastShadows: 0
  m_ReceiveShadows: 0
  m_DynamicOccludee: 1
  m_MotionVectors: 1
  m_LightProbeUsage: 0
  m_ReflectionProbeUsage: 0
  m_RenderingLayerMask: 4294967295
  m_Materials:
  - {fileID: 2100000, guid: 2e00ce24a2b9f7a4ab678d2de4761235, type: 2}
  m_StaticBatchInfo:
    firstSubMesh: 0
    subMeshCount: 0
  m_StaticBatchRoot: {fileID: 0}
  m_ProbeAnchor: {fileID: 0}
  m_LightProbeVolumeOverride: {fileID: 0}
  m_ScaleInLightmap: 1
  m_PreserveUVs: 0
  m_IgnoreNormalsForChartDetection: 0
  m_ImportantGI: 0
  m_StitchLightmapSeams: 0
  m_SelectedEditorRenderState: 3
  m_MinimumChartSize: 4
  m_AutoUVMaxDistance: 0.5
  m_AutoUVMaxAngle: 89
  m_LightmapParameters: {fileID: 0}
  m_SortingLayerID: 0
  m_SortingLayer: 0
  m_SortingOrder: 0
--- !u!23 &23646439860541868
MeshRenderer:
  m_ObjectHideFlags: 1
  m_CorrespondingSourceObject: {fileID: 0}
  m_PrefabInternal: {fileID: 100100000}
  m_GameObject: {fileID: 1825453577209480}
  m_Enabled: 1
  m_CastShadows: 0
  m_ReceiveShadows: 0
  m_DynamicOccludee: 1
  m_MotionVectors: 1
  m_LightProbeUsage: 0
  m_ReflectionProbeUsage: 0
  m_RenderingLayerMask: 4294967295
  m_Materials:
  - {fileID: 2100000, guid: 5af0b4adad6031f448857d032543fa2f, type: 2}
  m_StaticBatchInfo:
    firstSubMesh: 0
    subMeshCount: 0
  m_StaticBatchRoot: {fileID: 0}
  m_ProbeAnchor: {fileID: 0}
  m_LightProbeVolumeOverride: {fileID: 0}
  m_ScaleInLightmap: 1
  m_PreserveUVs: 0
  m_IgnoreNormalsForChartDetection: 0
  m_ImportantGI: 0
  m_StitchLightmapSeams: 0
  m_SelectedEditorRenderState: 3
  m_MinimumChartSize: 4
  m_AutoUVMaxDistance: 0.5
  m_AutoUVMaxAngle: 89
  m_LightmapParameters: {fileID: 0}
  m_SortingLayerID: 0
  m_SortingLayer: 0
  m_SortingOrder: 0
--- !u!23 &23676388170958266
MeshRenderer:
  m_ObjectHideFlags: 1
  m_CorrespondingSourceObject: {fileID: 0}
  m_PrefabInternal: {fileID: 100100000}
  m_GameObject: {fileID: 1207268027845992}
  m_Enabled: 1
  m_CastShadows: 0
  m_ReceiveShadows: 0
  m_DynamicOccludee: 1
  m_MotionVectors: 1
  m_LightProbeUsage: 0
  m_ReflectionProbeUsage: 0
  m_RenderingLayerMask: 4294967295
  m_Materials:
  - {fileID: 2100010, guid: ad35b1d7b6eaebe4a965b908b5c56a8e, type: 3}
  m_StaticBatchInfo:
    firstSubMesh: 0
    subMeshCount: 0
  m_StaticBatchRoot: {fileID: 0}
  m_ProbeAnchor: {fileID: 0}
  m_LightProbeVolumeOverride: {fileID: 0}
  m_ScaleInLightmap: 1
  m_PreserveUVs: 0
  m_IgnoreNormalsForChartDetection: 0
  m_ImportantGI: 0
  m_StitchLightmapSeams: 0
  m_SelectedEditorRenderState: 3
  m_MinimumChartSize: 4
  m_AutoUVMaxDistance: 0.5
  m_AutoUVMaxAngle: 89
  m_LightmapParameters: {fileID: 0}
  m_SortingLayerID: 0
  m_SortingLayer: 0
  m_SortingOrder: 0
--- !u!23 &23795833631652676
MeshRenderer:
  m_ObjectHideFlags: 1
  m_CorrespondingSourceObject: {fileID: 0}
  m_PrefabInternal: {fileID: 100100000}
  m_GameObject: {fileID: 1557679452875478}
  m_Enabled: 1
  m_CastShadows: 0
  m_ReceiveShadows: 0
  m_DynamicOccludee: 1
  m_MotionVectors: 1
  m_LightProbeUsage: 0
  m_ReflectionProbeUsage: 0
  m_RenderingLayerMask: 4294967295
  m_Materials:
  - {fileID: 2100010, guid: ad35b1d7b6eaebe4a965b908b5c56a8e, type: 3}
  m_StaticBatchInfo:
    firstSubMesh: 0
    subMeshCount: 0
  m_StaticBatchRoot: {fileID: 0}
  m_ProbeAnchor: {fileID: 0}
  m_LightProbeVolumeOverride: {fileID: 0}
  m_ScaleInLightmap: 1
  m_PreserveUVs: 0
  m_IgnoreNormalsForChartDetection: 0
  m_ImportantGI: 0
  m_StitchLightmapSeams: 0
  m_SelectedEditorRenderState: 3
  m_MinimumChartSize: 4
  m_AutoUVMaxDistance: 0.5
  m_AutoUVMaxAngle: 89
  m_LightmapParameters: {fileID: 0}
  m_SortingLayerID: 0
  m_SortingLayer: 0
  m_SortingOrder: 0
--- !u!23 &23869495238801094
MeshRenderer:
  m_ObjectHideFlags: 1
  m_CorrespondingSourceObject: {fileID: 0}
  m_PrefabInternal: {fileID: 100100000}
  m_GameObject: {fileID: 1751212346561658}
  m_Enabled: 1
  m_CastShadows: 1
  m_ReceiveShadows: 1
  m_DynamicOccludee: 1
  m_MotionVectors: 1
  m_LightProbeUsage: 1
  m_ReflectionProbeUsage: 1
  m_RenderingLayerMask: 1
  m_Materials:
  - {fileID: 2100000, guid: 990a0ad937a777a4aa278d0f12dbaafa, type: 2}
  m_StaticBatchInfo:
    firstSubMesh: 0
    subMeshCount: 0
  m_StaticBatchRoot: {fileID: 0}
  m_ProbeAnchor: {fileID: 0}
  m_LightProbeVolumeOverride: {fileID: 0}
  m_ScaleInLightmap: 1
  m_PreserveUVs: 0
  m_IgnoreNormalsForChartDetection: 0
  m_ImportantGI: 0
  m_StitchLightmapSeams: 0
  m_SelectedEditorRenderState: 3
  m_MinimumChartSize: 4
  m_AutoUVMaxDistance: 0.5
  m_AutoUVMaxAngle: 89
  m_LightmapParameters: {fileID: 0}
  m_SortingLayerID: 0
  m_SortingLayer: 0
  m_SortingOrder: 0
--- !u!33 &33042186557553400
MeshFilter:
  m_ObjectHideFlags: 1
  m_CorrespondingSourceObject: {fileID: 0}
  m_PrefabInternal: {fileID: 100100000}
  m_GameObject: {fileID: 1001498975502368}
  m_Mesh: {fileID: 4300002, guid: ad35b1d7b6eaebe4a965b908b5c56a8e, type: 3}
--- !u!33 &33214339828672290
MeshFilter:
  m_ObjectHideFlags: 1
  m_CorrespondingSourceObject: {fileID: 0}
  m_PrefabInternal: {fileID: 100100000}
  m_GameObject: {fileID: 1557679452875478}
  m_Mesh: {fileID: 4300010, guid: ad35b1d7b6eaebe4a965b908b5c56a8e, type: 3}
--- !u!33 &33307004419015784
MeshFilter:
  m_ObjectHideFlags: 1
  m_CorrespondingSourceObject: {fileID: 0}
  m_PrefabInternal: {fileID: 100100000}
  m_GameObject: {fileID: 1751212346561658}
  m_Mesh: {fileID: 10202, guid: 0000000000000000e000000000000000, type: 0}
--- !u!33 &33314480453950006
MeshFilter:
  m_ObjectHideFlags: 1
  m_CorrespondingSourceObject: {fileID: 0}
  m_PrefabInternal: {fileID: 100100000}
  m_GameObject: {fileID: 1876527027650356}
  m_Mesh: {fileID: 4300008, guid: ad35b1d7b6eaebe4a965b908b5c56a8e, type: 3}
--- !u!33 &33386812633758838
MeshFilter:
  m_ObjectHideFlags: 1
  m_CorrespondingSourceObject: {fileID: 0}
  m_PrefabInternal: {fileID: 100100000}
  m_GameObject: {fileID: 1113066196588172}
  m_Mesh: {fileID: 4300014, guid: ad35b1d7b6eaebe4a965b908b5c56a8e, type: 3}
--- !u!33 &33462137692084602
MeshFilter:
  m_ObjectHideFlags: 1
  m_CorrespondingSourceObject: {fileID: 0}
  m_PrefabInternal: {fileID: 100100000}
  m_GameObject: {fileID: 1049371068245832}
  m_Mesh: {fileID: 4300006, guid: ad35b1d7b6eaebe4a965b908b5c56a8e, type: 3}
--- !u!33 &33712154670728548
MeshFilter:
  m_ObjectHideFlags: 1
  m_CorrespondingSourceObject: {fileID: 0}
  m_PrefabInternal: {fileID: 100100000}
  m_GameObject: {fileID: 1825453577209480}
  m_Mesh: {fileID: 4300000, guid: ad35b1d7b6eaebe4a965b908b5c56a8e, type: 3}
--- !u!33 &33747374894508128
MeshFilter:
  m_ObjectHideFlags: 1
  m_CorrespondingSourceObject: {fileID: 0}
  m_PrefabInternal: {fileID: 100100000}
  m_GameObject: {fileID: 1115014831993852}
  m_Mesh: {fileID: 4300016, guid: ad35b1d7b6eaebe4a965b908b5c56a8e, type: 3}
--- !u!33 &33796846066359652
MeshFilter:
  m_ObjectHideFlags: 1
  m_CorrespondingSourceObject: {fileID: 0}
  m_PrefabInternal: {fileID: 100100000}
  m_GameObject: {fileID: 1207268027845992}
  m_Mesh: {fileID: 4300012, guid: ad35b1d7b6eaebe4a965b908b5c56a8e, type: 3}
--- !u!33 &33973671756861152
MeshFilter:
  m_ObjectHideFlags: 1
  m_CorrespondingSourceObject: {fileID: 0}
  m_PrefabInternal: {fileID: 100100000}
  m_GameObject: {fileID: 1531687200010022}
  m_Mesh: {fileID: 4300004, guid: ad35b1d7b6eaebe4a965b908b5c56a8e, type: 3}
--- !u!65 &65467354948119288
BoxCollider:
  m_ObjectHideFlags: 1
  m_CorrespondingSourceObject: {fileID: 0}
  m_PrefabInternal: {fileID: 100100000}
  m_GameObject: {fileID: 1751212346561658}
  m_Material: {fileID: 0}
  m_IsTrigger: 0
  m_Enabled: 1
  serializedVersion: 2
  m_Size: {x: 1, y: 1, z: 1}
  m_Center: {x: 0, y: 0, z: 0}
--- !u!65 &65634046218458200
BoxCollider:
  m_ObjectHideFlags: 1
  m_CorrespondingSourceObject: {fileID: 0}
  m_PrefabInternal: {fileID: 100100000}
  m_GameObject: {fileID: 1637497469916326}
  m_Material: {fileID: 0}
  m_IsTrigger: 0
  m_Enabled: 1
  serializedVersion: 2
  m_Size: {x: 7, y: 1.4, z: 0.1}
  m_Center: {x: 0, y: 0.54999995, z: 1.05}
--- !u!114 &114225716633384936
MonoBehaviour:
  m_ObjectHideFlags: 1
  m_CorrespondingSourceObject: {fileID: 0}
  m_PrefabInternal: {fileID: 100100000}
  m_GameObject: {fileID: 1148615641654244}
  m_Enabled: 1
  m_EditorHideFlags: 0
  m_Script: {fileID: 11500000, guid: 8daf41cd309da6340b495c2fb3323652, type: 3}
  m_Name: 
  m_EditorClassIdentifier: 
  baseCube: {fileID: 2611617295308128510, guid: 1e7c133a0ac00d14ca514ce1b1d42563,
    type: 2}
  charactersDepthOffset: -1
  wid: 7
  hei: 2.8
  dep: 4
  wallThickness: 0.1
  floorThickness: 0.15
  clickableZone: {fileID: 65634046218458200}
  roomKey: 9
--- !u!114 &114401592007953020
MonoBehaviour:
  m_ObjectHideFlags: 1
  m_CorrespondingSourceObject: {fileID: 0}
  m_PrefabInternal: {fileID: 100100000}
  m_GameObject: {fileID: 1751212346561658}
  m_Enabled: 1
  m_EditorHideFlags: 0
  m_Script: {fileID: 11500000, guid: 6c9678972a8b4434ebc3637de893f751, type: 3}
  m_Name: 
  m_EditorClassIdentifier: 
  isBackwallPortal: 1
  ownerRoom: {fileID: 114585951734168364}
  connectedPortal: {fileID: 0}
--- !u!114 &114428148496538936
MonoBehaviour:
  m_ObjectHideFlags: 1
  m_CorrespondingSourceObject: {fileID: 0}
  m_PrefabInternal: {fileID: 100100000}
  m_GameObject: {fileID: 1751212346561658}
  m_Enabled: 1
  m_EditorHideFlags: 0
  m_Script: {fileID: 11500000, guid: 86ce1deeb928c6e40b5e3d79a6e7dbc0, type: 3}
  m_Name: 
  m_EditorClassIdentifier: 
  requireItem: 0
  requiredIKey: 0
  onCompleteCallback:
    m_PersistentCalls:
      m_Calls:
      - m_Target: {fileID: 114401592007953020}
        m_MethodName: GoToOtherSide
        m_Mode: 2
        m_Arguments:
          m_ObjectArgument: {fileID: 0}
          m_ObjectArgumentAssemblyTypeName: Phijam.PCController, Assembly-CSharp
          m_IntArgument: 0
          m_FloatArgument: 0
          m_StringArgument: 
          m_BoolArgument: 0
        m_CallState: 2
    m_TypeName: Phijam.InteractionEvent, Assembly-CSharp, Version=0.0.0.0, Culture=neutral,
      PublicKeyToken=null
--- !u!114 &114585951734168364
MonoBehaviour:
  m_ObjectHideFlags: 1
  m_CorrespondingSourceObject: {fileID: 0}
  m_PrefabInternal: {fileID: 100100000}
  m_GameObject: {fileID: 1148615641654244}
  m_Enabled: 1
  m_EditorHideFlags: 0
  m_Script: {fileID: 11500000, guid: ac457ece01b403e47b997ed99cc5ac32, type: 3}
  m_Name: 
  m_EditorClassIdentifier: 
  portals:
  - {fileID: 114401592007953020}
--- !u!212 &212018470856357210
SpriteRenderer:
  m_ObjectHideFlags: 1
  m_CorrespondingSourceObject: {fileID: 0}
  m_PrefabInternal: {fileID: 100100000}
  m_GameObject: {fileID: 1326006777329760}
  m_Enabled: 1
  m_CastShadows: 0
  m_ReceiveShadows: 0
  m_DynamicOccludee: 1
  m_MotionVectors: 1
  m_LightProbeUsage: 1
  m_ReflectionProbeUsage: 1
  m_RenderingLayerMask: 4294967295
  m_Materials:
  - {fileID: 10754, guid: 0000000000000000f000000000000000, type: 0}
  m_StaticBatchInfo:
    firstSubMesh: 0
    subMeshCount: 0
  m_StaticBatchRoot: {fileID: 0}
  m_ProbeAnchor: {fileID: 0}
  m_LightProbeVolumeOverride: {fileID: 0}
  m_ScaleInLightmap: 1
  m_PreserveUVs: 0
  m_IgnoreNormalsForChartDetection: 0
  m_ImportantGI: 0
  m_StitchLightmapSeams: 0
  m_SelectedEditorRenderState: 0
  m_MinimumChartSize: 4
  m_AutoUVMaxDistance: 0.5
  m_AutoUVMaxAngle: 89
  m_LightmapParameters: {fileID: 0}
  m_SortingLayerID: 0
  m_SortingLayer: 0
  m_SortingOrder: 0
  m_Sprite: {fileID: 21300000, guid: 06796229051295e41968c271bbe2b4d7, type: 3}
  m_Color: {r: 1, g: 1, b: 1, a: 1}
  m_FlipX: 0
  m_FlipY: 0
  m_DrawMode: 0
  m_Size: {x: 1.4494846, y: 2.443299}
  m_AdaptiveModeThreshold: 0.5
  m_SpriteTileMode: 0
  m_WasSpriteAssigned: 1
  m_MaskInteraction: 0
  m_SpriteSortPoint: 0
--- !u!212 &212209608970557250
SpriteRenderer:
  m_ObjectHideFlags: 1
  m_CorrespondingSourceObject: {fileID: 0}
  m_PrefabInternal: {fileID: 100100000}
  m_GameObject: {fileID: 1147338984565788}
  m_Enabled: 1
  m_CastShadows: 0
  m_ReceiveShadows: 0
  m_DynamicOccludee: 1
  m_MotionVectors: 1
  m_LightProbeUsage: 1
  m_ReflectionProbeUsage: 1
  m_RenderingLayerMask: 4294967295
  m_Materials:
  - {fileID: 10754, guid: 0000000000000000f000000000000000, type: 0}
  m_StaticBatchInfo:
    firstSubMesh: 0
    subMeshCount: 0
  m_StaticBatchRoot: {fileID: 0}
  m_ProbeAnchor: {fileID: 0}
  m_LightProbeVolumeOverride: {fileID: 0}
  m_ScaleInLightmap: 1
  m_PreserveUVs: 0
  m_IgnoreNormalsForChartDetection: 0
  m_ImportantGI: 0
  m_StitchLightmapSeams: 0
  m_SelectedEditorRenderState: 0
  m_MinimumChartSize: 4
  m_AutoUVMaxDistance: 0.5
  m_AutoUVMaxAngle: 89
  m_LightmapParameters: {fileID: 0}
  m_SortingLayerID: 0
  m_SortingLayer: 0
  m_SortingOrder: 4
  m_Sprite: {fileID: 21300000, guid: 460244cfacbf0fe4bb2c6e4af7903258, type: 3}
  m_Color: {r: 1, g: 1, b: 1, a: 1}
  m_FlipX: 0
  m_FlipY: 0
  m_DrawMode: 0
  m_Size: {x: 0.25154638, y: 0.5072165}
  m_AdaptiveModeThreshold: 0.5
  m_SpriteTileMode: 0
  m_WasSpriteAssigned: 1
  m_MaskInteraction: 0
  m_SpriteSortPoint: 0
--- !u!212 &212253137304912288
SpriteRenderer:
  m_ObjectHideFlags: 1
  m_CorrespondingSourceObject: {fileID: 0}
  m_PrefabInternal: {fileID: 100100000}
  m_GameObject: {fileID: 1141049258878320}
  m_Enabled: 1
  m_CastShadows: 0
  m_ReceiveShadows: 0
  m_DynamicOccludee: 1
  m_MotionVectors: 1
  m_LightProbeUsage: 1
  m_ReflectionProbeUsage: 1
  m_RenderingLayerMask: 4294967295
  m_Materials:
  - {fileID: 10754, guid: 0000000000000000f000000000000000, type: 0}
  m_StaticBatchInfo:
    firstSubMesh: 0
    subMeshCount: 0
  m_StaticBatchRoot: {fileID: 0}
  m_ProbeAnchor: {fileID: 0}
  m_LightProbeVolumeOverride: {fileID: 0}
  m_ScaleInLightmap: 1
  m_PreserveUVs: 0
  m_IgnoreNormalsForChartDetection: 0
  m_ImportantGI: 0
  m_StitchLightmapSeams: 0
  m_SelectedEditorRenderState: 0
  m_MinimumChartSize: 4
  m_AutoUVMaxDistance: 0.5
  m_AutoUVMaxAngle: 89
  m_LightmapParameters: {fileID: 0}
  m_SortingLayerID: 0
  m_SortingLayer: 0
  m_SortingOrder: 3
  m_Sprite: {fileID: 21300000, guid: ebb66096e9e95f040abb263bdd718af3, type: 3}
  m_Color: {r: 1, g: 1, b: 1, a: 1}
  m_FlipX: 0
  m_FlipY: 0
  m_DrawMode: 0
  m_Size: {x: 1.113402, y: 0.6597938}
  m_AdaptiveModeThreshold: 0.5
  m_SpriteTileMode: 0
  m_WasSpriteAssigned: 1
  m_MaskInteraction: 0
  m_SpriteSortPoint: 0
--- !u!212 &212337885498245958
SpriteRenderer:
  m_ObjectHideFlags: 1
  m_CorrespondingSourceObject: {fileID: 0}
  m_PrefabInternal: {fileID: 100100000}
  m_GameObject: {fileID: 1505369830386186}
  m_Enabled: 1
  m_CastShadows: 0
  m_ReceiveShadows: 0
  m_DynamicOccludee: 1
  m_MotionVectors: 1
  m_LightProbeUsage: 1
  m_ReflectionProbeUsage: 1
  m_RenderingLayerMask: 4294967295
  m_Materials:
  - {fileID: 10754, guid: 0000000000000000f000000000000000, type: 0}
  m_StaticBatchInfo:
    firstSubMesh: 0
    subMeshCount: 0
  m_StaticBatchRoot: {fileID: 0}
  m_ProbeAnchor: {fileID: 0}
  m_LightProbeVolumeOverride: {fileID: 0}
  m_ScaleInLightmap: 1
  m_PreserveUVs: 0
  m_IgnoreNormalsForChartDetection: 0
  m_ImportantGI: 0
  m_StitchLightmapSeams: 0
  m_SelectedEditorRenderState: 0
  m_MinimumChartSize: 4
  m_AutoUVMaxDistance: 0.5
  m_AutoUVMaxAngle: 89
  m_LightmapParameters: {fileID: 0}
  m_SortingLayerID: 0
  m_SortingLayer: 0
  m_SortingOrder: 1
  m_Sprite: {fileID: 21300000, guid: b94c1bcbfa5c5c34cbe57b131196b0f6, type: 3}
  m_Color: {r: 1, g: 1, b: 1, a: 1}
  m_FlipX: 0
  m_FlipY: 0
  m_DrawMode: 0
  m_Size: {x: 1.3690722, y: 0.9257732}
  m_AdaptiveModeThreshold: 0.5
  m_SpriteTileMode: 0
  m_WasSpriteAssigned: 1
  m_MaskInteraction: 0
  m_SpriteSortPoint: 0
--- !u!212 &212354331759958204
SpriteRenderer:
  m_ObjectHideFlags: 1
  m_CorrespondingSourceObject: {fileID: 0}
  m_PrefabInternal: {fileID: 100100000}
  m_GameObject: {fileID: 1128518998627022}
  m_Enabled: 1
  m_CastShadows: 0
  m_ReceiveShadows: 0
  m_DynamicOccludee: 1
  m_MotionVectors: 1
  m_LightProbeUsage: 1
  m_ReflectionProbeUsage: 1
  m_RenderingLayerMask: 4294967295
  m_Materials:
  - {fileID: 10754, guid: 0000000000000000f000000000000000, type: 0}
  m_StaticBatchInfo:
    firstSubMesh: 0
    subMeshCount: 0
  m_StaticBatchRoot: {fileID: 0}
  m_ProbeAnchor: {fileID: 0}
  m_LightProbeVolumeOverride: {fileID: 0}
  m_ScaleInLightmap: 1
  m_PreserveUVs: 0
  m_IgnoreNormalsForChartDetection: 0
  m_ImportantGI: 0
  m_StitchLightmapSeams: 0
  m_SelectedEditorRenderState: 0
  m_MinimumChartSize: 4
  m_AutoUVMaxDistance: 0.5
  m_AutoUVMaxAngle: 89
  m_LightmapParameters: {fileID: 0}
  m_SortingLayerID: 0
  m_SortingLayer: 0
  m_SortingOrder: 0
  m_Sprite: {fileID: 21300000, guid: a23d70c4a43210243bc70205c3bb7250, type: 3}
  m_Color: {r: 1, g: 1, b: 1, a: 1}
  m_FlipX: 0
  m_FlipY: 0
  m_DrawMode: 0
  m_Size: {x: 3.713402, y: 2.0164948}
  m_AdaptiveModeThreshold: 0.5
  m_SpriteTileMode: 0
  m_WasSpriteAssigned: 1
  m_MaskInteraction: 0
  m_SpriteSortPoint: 0
--- !u!212 &212388306852672870
SpriteRenderer:
  m_ObjectHideFlags: 1
  m_CorrespondingSourceObject: {fileID: 0}
  m_PrefabInternal: {fileID: 100100000}
  m_GameObject: {fileID: 1097888072942120}
  m_Enabled: 1
  m_CastShadows: 0
  m_ReceiveShadows: 0
  m_DynamicOccludee: 1
  m_MotionVectors: 1
  m_LightProbeUsage: 1
  m_ReflectionProbeUsage: 1
  m_RenderingLayerMask: 4294967295
  m_Materials:
  - {fileID: 10754, guid: 0000000000000000f000000000000000, type: 0}
  m_StaticBatchInfo:
    firstSubMesh: 0
    subMeshCount: 0
  m_StaticBatchRoot: {fileID: 0}
  m_ProbeAnchor: {fileID: 0}
  m_LightProbeVolumeOverride: {fileID: 0}
  m_ScaleInLightmap: 1
  m_PreserveUVs: 0
  m_IgnoreNormalsForChartDetection: 0
  m_ImportantGI: 0
  m_StitchLightmapSeams: 0
  m_SelectedEditorRenderState: 0
  m_MinimumChartSize: 4
  m_AutoUVMaxDistance: 0.5
  m_AutoUVMaxAngle: 89
  m_LightmapParameters: {fileID: 0}
  m_SortingLayerID: 0
  m_SortingLayer: 0
  m_SortingOrder: 1
  m_Sprite: {fileID: 21300000, guid: d1141da26891c4442a4ce8eba296ef68, type: 3}
  m_Color: {r: 1, g: 1, b: 1, a: 1}
  m_FlipX: 0
  m_FlipY: 0
  m_DrawMode: 0
  m_Size: {x: 0.7257732, y: 0.9958763}
  m_AdaptiveModeThreshold: 0.5
  m_SpriteTileMode: 0
  m_WasSpriteAssigned: 1
  m_MaskInteraction: 0
  m_SpriteSortPoint: 0
--- !u!212 &212399654007907606
SpriteRenderer:
  m_ObjectHideFlags: 1
  m_CorrespondingSourceObject: {fileID: 0}
  m_PrefabInternal: {fileID: 100100000}
  m_GameObject: {fileID: 1906199594334826}
  m_Enabled: 1
  m_CastShadows: 0
  m_ReceiveShadows: 0
  m_DynamicOccludee: 1
  m_MotionVectors: 1
  m_LightProbeUsage: 1
  m_ReflectionProbeUsage: 1
  m_RenderingLayerMask: 4294967295
  m_Materials:
  - {fileID: 10754, guid: 0000000000000000f000000000000000, type: 0}
  m_StaticBatchInfo:
    firstSubMesh: 0
    subMeshCount: 0
  m_StaticBatchRoot: {fileID: 0}
  m_ProbeAnchor: {fileID: 0}
  m_LightProbeVolumeOverride: {fileID: 0}
  m_ScaleInLightmap: 1
  m_PreserveUVs: 0
  m_IgnoreNormalsForChartDetection: 0
  m_ImportantGI: 0
  m_StitchLightmapSeams: 0
  m_SelectedEditorRenderState: 0
  m_MinimumChartSize: 4
  m_AutoUVMaxDistance: 0.5
  m_AutoUVMaxAngle: 89
  m_LightmapParameters: {fileID: 0}
  m_SortingLayerID: 0
  m_SortingLayer: 0
  m_SortingOrder: 0
  m_Sprite: {fileID: 21300000, guid: 26c3cf010f5a43146b506e02f4a11ac1, type: 3}
  m_Color: {r: 1, g: 1, b: 1, a: 1}
  m_FlipX: 0
  m_FlipY: 0
  m_DrawMode: 0
  m_Size: {x: 3.713402, y: 2.0164948}
  m_AdaptiveModeThreshold: 0.5
  m_SpriteTileMode: 0
  m_WasSpriteAssigned: 1
  m_MaskInteraction: 0
  m_SpriteSortPoint: 0
--- !u!212 &212415048989762926
SpriteRenderer:
  m_ObjectHideFlags: 1
  m_CorrespondingSourceObject: {fileID: 0}
  m_PrefabInternal: {fileID: 100100000}
  m_GameObject: {fileID: 1607802873793658}
  m_Enabled: 1
  m_CastShadows: 0
  m_ReceiveShadows: 0
  m_DynamicOccludee: 1
  m_MotionVectors: 1
  m_LightProbeUsage: 1
  m_ReflectionProbeUsage: 1
  m_RenderingLayerMask: 4294967295
  m_Materials:
  - {fileID: 10754, guid: 0000000000000000f000000000000000, type: 0}
  m_StaticBatchInfo:
    firstSubMesh: 0
    subMeshCount: 0
  m_StaticBatchRoot: {fileID: 0}
  m_ProbeAnchor: {fileID: 0}
  m_LightProbeVolumeOverride: {fileID: 0}
  m_ScaleInLightmap: 1
  m_PreserveUVs: 0
  m_IgnoreNormalsForChartDetection: 0
  m_ImportantGI: 0
  m_StitchLightmapSeams: 0
  m_SelectedEditorRenderState: 0
  m_MinimumChartSize: 4
  m_AutoUVMaxDistance: 0.5
  m_AutoUVMaxAngle: 89
  m_LightmapParameters: {fileID: 0}
  m_SortingLayerID: 0
  m_SortingLayer: 0
  m_SortingOrder: 0
  m_Sprite: {fileID: 21300000, guid: f353ab6f00418334eb66659b0754f7aa, type: 3}
  m_Color: {r: 1, g: 1, b: 1, a: 1}
  m_FlipX: 0
  m_FlipY: 0
  m_DrawMode: 0
  m_Size: {x: 0.33814433, y: 0.6206186}
  m_AdaptiveModeThreshold: 0.5
  m_SpriteTileMode: 0
  m_WasSpriteAssigned: 1
  m_MaskInteraction: 0
  m_SpriteSortPoint: 0
--- !u!212 &212546052732858448
SpriteRenderer:
  m_ObjectHideFlags: 1
  m_CorrespondingSourceObject: {fileID: 0}
  m_PrefabInternal: {fileID: 100100000}
  m_GameObject: {fileID: 1854423821221178}
  m_Enabled: 1
  m_CastShadows: 0
  m_ReceiveShadows: 0
  m_DynamicOccludee: 1
  m_MotionVectors: 1
  m_LightProbeUsage: 1
  m_ReflectionProbeUsage: 1
  m_RenderingLayerMask: 4294967295
  m_Materials:
  - {fileID: 10754, guid: 0000000000000000f000000000000000, type: 0}
  m_StaticBatchInfo:
    firstSubMesh: 0
    subMeshCount: 0
  m_StaticBatchRoot: {fileID: 0}
  m_ProbeAnchor: {fileID: 0}
  m_LightProbeVolumeOverride: {fileID: 0}
  m_ScaleInLightmap: 1
  m_PreserveUVs: 0
  m_IgnoreNormalsForChartDetection: 0
  m_ImportantGI: 0
  m_StitchLightmapSeams: 0
  m_SelectedEditorRenderState: 0
  m_MinimumChartSize: 4
  m_AutoUVMaxDistance: 0.5
  m_AutoUVMaxAngle: 89
  m_LightmapParameters: {fileID: 0}
  m_SortingLayerID: 0
  m_SortingLayer: 0
  m_SortingOrder: 1
  m_Sprite: {fileID: 21300000, guid: 2eb465cdb9d5d1546b57e4ec65ce9cfa, type: 3}
  m_Color: {r: 1, g: 1, b: 1, a: 1}
  m_FlipX: 0
  m_FlipY: 0
  m_DrawMode: 0
  m_Size: {x: 0.14639175, y: 0.15257733}
  m_AdaptiveModeThreshold: 0.5
  m_SpriteTileMode: 0
  m_WasSpriteAssigned: 1
  m_MaskInteraction: 0
  m_SpriteSortPoint: 0
--- !u!212 &212572643772027550
SpriteRenderer:
  m_ObjectHideFlags: 1
  m_CorrespondingSourceObject: {fileID: 0}
  m_PrefabInternal: {fileID: 100100000}
  m_GameObject: {fileID: 1704375953106866}
  m_Enabled: 1
  m_CastShadows: 0
  m_ReceiveShadows: 0
  m_DynamicOccludee: 1
  m_MotionVectors: 1
  m_LightProbeUsage: 1
  m_ReflectionProbeUsage: 1
  m_RenderingLayerMask: 4294967295
  m_Materials:
  - {fileID: 10754, guid: 0000000000000000f000000000000000, type: 0}
  m_StaticBatchInfo:
    firstSubMesh: 0
    subMeshCount: 0
  m_StaticBatchRoot: {fileID: 0}
  m_ProbeAnchor: {fileID: 0}
  m_LightProbeVolumeOverride: {fileID: 0}
  m_ScaleInLightmap: 1
  m_PreserveUVs: 0
  m_IgnoreNormalsForChartDetection: 0
  m_ImportantGI: 0
  m_StitchLightmapSeams: 0
  m_SelectedEditorRenderState: 0
  m_MinimumChartSize: 4
  m_AutoUVMaxDistance: 0.5
  m_AutoUVMaxAngle: 89
  m_LightmapParameters: {fileID: 0}
  m_SortingLayerID: 0
  m_SortingLayer: 0
  m_SortingOrder: 0
  m_Sprite: {fileID: 21300000, guid: dab90b588ac141d4da20ddaa0bfd29bb, type: 3}
  m_Color: {r: 1, g: 1, b: 1, a: 1}
  m_FlipX: 0
  m_FlipY: 0
  m_DrawMode: 0
  m_Size: {x: 1.4494846, y: 2.443299}
  m_AdaptiveModeThreshold: 0.5
  m_SpriteTileMode: 0
  m_WasSpriteAssigned: 1
  m_MaskInteraction: 0
  m_SpriteSortPoint: 0
--- !u!212 &212636109871680690
SpriteRenderer:
  m_ObjectHideFlags: 1
  m_CorrespondingSourceObject: {fileID: 0}
  m_PrefabInternal: {fileID: 100100000}
  m_GameObject: {fileID: 1954243134325116}
  m_Enabled: 1
  m_CastShadows: 0
  m_ReceiveShadows: 0
  m_DynamicOccludee: 1
  m_MotionVectors: 1
  m_LightProbeUsage: 1
  m_ReflectionProbeUsage: 1
  m_RenderingLayerMask: 4294967295
  m_Materials:
  - {fileID: 10754, guid: 0000000000000000f000000000000000, type: 0}
  m_StaticBatchInfo:
    firstSubMesh: 0
    subMeshCount: 0
  m_StaticBatchRoot: {fileID: 0}
  m_ProbeAnchor: {fileID: 0}
  m_LightProbeVolumeOverride: {fileID: 0}
  m_ScaleInLightmap: 1
  m_PreserveUVs: 0
  m_IgnoreNormalsForChartDetection: 0
  m_ImportantGI: 0
  m_StitchLightmapSeams: 0
  m_SelectedEditorRenderState: 0
  m_MinimumChartSize: 4
  m_AutoUVMaxDistance: 0.5
  m_AutoUVMaxAngle: 89
  m_LightmapParameters: {fileID: 0}
  m_SortingLayerID: 0
  m_SortingLayer: 0
  m_SortingOrder: 1
  m_Sprite: {fileID: 21300000, guid: 084ba9048856ce3478043fedab870b65, type: 3}
  m_Color: {r: 1, g: 1, b: 1, a: 1}
  m_FlipX: 0
  m_FlipY: 0
  m_DrawMode: 0
  m_Size: {x: 1.1113402, y: 0.72783506}
  m_AdaptiveModeThreshold: 0.5
  m_SpriteTileMode: 0
  m_WasSpriteAssigned: 1
  m_MaskInteraction: 0
  m_SpriteSortPoint: 0
--- !u!212 &212698854716249924
SpriteRenderer:
  m_ObjectHideFlags: 1
  m_CorrespondingSourceObject: {fileID: 0}
  m_PrefabInternal: {fileID: 100100000}
  m_GameObject: {fileID: 1422473517885272}
  m_Enabled: 1
  m_CastShadows: 0
  m_ReceiveShadows: 0
  m_DynamicOccludee: 1
  m_MotionVectors: 1
  m_LightProbeUsage: 1
  m_ReflectionProbeUsage: 1
  m_RenderingLayerMask: 4294967295
  m_Materials:
  - {fileID: 10754, guid: 0000000000000000f000000000000000, type: 0}
  m_StaticBatchInfo:
    firstSubMesh: 0
    subMeshCount: 0
  m_StaticBatchRoot: {fileID: 0}
  m_ProbeAnchor: {fileID: 0}
  m_LightProbeVolumeOverride: {fileID: 0}
  m_ScaleInLightmap: 1
  m_PreserveUVs: 0
  m_IgnoreNormalsForChartDetection: 0
  m_ImportantGI: 0
  m_StitchLightmapSeams: 0
  m_SelectedEditorRenderState: 0
  m_MinimumChartSize: 4
  m_AutoUVMaxDistance: 0.5
  m_AutoUVMaxAngle: 89
  m_LightmapParameters: {fileID: 0}
  m_SortingLayerID: 0
  m_SortingLayer: 0
  m_SortingOrder: 2
  m_Sprite: {fileID: 21300000, guid: 26f6776b96c89d44da5cbfdaed9ba8ad, type: 3}
  m_Color: {r: 1, g: 1, b: 1, a: 1}
  m_FlipX: 0
  m_FlipY: 0
  m_DrawMode: 0
  m_Size: {x: 0.61649483, y: 1.2577319}
  m_AdaptiveModeThreshold: 0.5
  m_SpriteTileMode: 0
  m_WasSpriteAssigned: 1
  m_MaskInteraction: 0
  m_SpriteSortPoint: 0
--- !u!212 &212700326825594390
SpriteRenderer:
  m_ObjectHideFlags: 1
  m_CorrespondingSourceObject: {fileID: 0}
  m_PrefabInternal: {fileID: 100100000}
  m_GameObject: {fileID: 1021177077048512}
  m_Enabled: 1
  m_CastShadows: 0
  m_ReceiveShadows: 0
  m_DynamicOccludee: 1
  m_MotionVectors: 1
  m_LightProbeUsage: 1
  m_ReflectionProbeUsage: 1
  m_RenderingLayerMask: 4294967295
  m_Materials:
  - {fileID: 10754, guid: 0000000000000000f000000000000000, type: 0}
  m_StaticBatchInfo:
    firstSubMesh: 0
    subMeshCount: 0
  m_StaticBatchRoot: {fileID: 0}
  m_ProbeAnchor: {fileID: 0}
  m_LightProbeVolumeOverride: {fileID: 0}
  m_ScaleInLightmap: 1
  m_PreserveUVs: 0
  m_IgnoreNormalsForChartDetection: 0
  m_ImportantGI: 0
  m_StitchLightmapSeams: 0
  m_SelectedEditorRenderState: 0
  m_MinimumChartSize: 4
  m_AutoUVMaxDistance: 0.5
  m_AutoUVMaxAngle: 89
  m_LightmapParameters: {fileID: 0}
  m_SortingLayerID: 0
  m_SortingLayer: 0
  m_SortingOrder: 0
  m_Sprite: {fileID: 21300000, guid: 71b3e4c9d5204004cb3f7cd42cabc860, type: 3}
  m_Color: {r: 1, g: 1, b: 1, a: 1}
  m_FlipX: 0
  m_FlipY: 0
  m_DrawMode: 0
  m_Size: {x: 0.35670102, y: 0.843299}
  m_AdaptiveModeThreshold: 0.5
  m_SpriteTileMode: 0
  m_WasSpriteAssigned: 1
  m_MaskInteraction: 0
  m_SpriteSortPoint: 0
--- !u!212 &212790712845876846
SpriteRenderer:
  m_ObjectHideFlags: 1
  m_CorrespondingSourceObject: {fileID: 0}
  m_PrefabInternal: {fileID: 100100000}
  m_GameObject: {fileID: 1872147289308834}
  m_Enabled: 1
  m_CastShadows: 0
  m_ReceiveShadows: 0
  m_DynamicOccludee: 1
  m_MotionVectors: 1
  m_LightProbeUsage: 1
  m_ReflectionProbeUsage: 1
  m_RenderingLayerMask: 4294967295
  m_Materials:
  - {fileID: 10754, guid: 0000000000000000f000000000000000, type: 0}
  m_StaticBatchInfo:
    firstSubMesh: 0
    subMeshCount: 0
  m_StaticBatchRoot: {fileID: 0}
  m_ProbeAnchor: {fileID: 0}
  m_LightProbeVolumeOverride: {fileID: 0}
  m_ScaleInLightmap: 1
  m_PreserveUVs: 0
  m_IgnoreNormalsForChartDetection: 0
  m_ImportantGI: 0
  m_StitchLightmapSeams: 0
  m_SelectedEditorRenderState: 0
  m_MinimumChartSize: 4
  m_AutoUVMaxDistance: 0.5
  m_AutoUVMaxAngle: 89
  m_LightmapParameters: {fileID: 0}
  m_SortingLayerID: 0
  m_SortingLayer: 0
  m_SortingOrder: 1
  m_Sprite: {fileID: 21300000, guid: 44bfc4eb946d7d94e855181b215d3b37, type: 3}
  m_Color: {r: 1, g: 1, b: 1, a: 1}
  m_FlipX: 0
  m_FlipY: 0
  m_DrawMode: 0
  m_Size: {x: 0.7773196, y: 0.5463917}
  m_AdaptiveModeThreshold: 0.5
  m_SpriteTileMode: 0
  m_WasSpriteAssigned: 1
  m_MaskInteraction: 0
  m_SpriteSortPoint: 0
--- !u!212 &212844164806872122
SpriteRenderer:
  m_ObjectHideFlags: 1
  m_CorrespondingSourceObject: {fileID: 0}
  m_PrefabInternal: {fileID: 100100000}
  m_GameObject: {fileID: 1868889092532570}
  m_Enabled: 1
  m_CastShadows: 0
  m_ReceiveShadows: 0
  m_DynamicOccludee: 1
  m_MotionVectors: 1
  m_LightProbeUsage: 1
  m_ReflectionProbeUsage: 1
  m_RenderingLayerMask: 4294967295
  m_Materials:
  - {fileID: 10754, guid: 0000000000000000f000000000000000, type: 0}
  m_StaticBatchInfo:
    firstSubMesh: 0
    subMeshCount: 0
  m_StaticBatchRoot: {fileID: 0}
  m_ProbeAnchor: {fileID: 0}
  m_LightProbeVolumeOverride: {fileID: 0}
  m_ScaleInLightmap: 1
  m_PreserveUVs: 0
  m_IgnoreNormalsForChartDetection: 0
  m_ImportantGI: 0
  m_StitchLightmapSeams: 0
  m_SelectedEditorRenderState: 0
  m_MinimumChartSize: 4
  m_AutoUVMaxDistance: 0.5
  m_AutoUVMaxAngle: 89
  m_LightmapParameters: {fileID: 0}
  m_SortingLayerID: 0
  m_SortingLayer: 0
  m_SortingOrder: 2
  m_Sprite: {fileID: 21300000, guid: 2c2d271f271455a4a9ffca8dc986b5e3, type: 3}
  m_Color: {r: 1, g: 1, b: 1, a: 1}
  m_FlipX: 1
  m_FlipY: 0
  m_DrawMode: 0
  m_Size: {x: 0.7917526, y: 1.0453608}
  m_AdaptiveModeThreshold: 0.5
  m_SpriteTileMode: 0
  m_WasSpriteAssigned: 1
  m_MaskInteraction: 0
  m_SpriteSortPoint: 0
--- !u!212 &212872633103912684
SpriteRenderer:
  m_ObjectHideFlags: 1
  m_CorrespondingSourceObject: {fileID: 0}
  m_PrefabInternal: {fileID: 100100000}
  m_GameObject: {fileID: 1406255558906538}
  m_Enabled: 1
  m_CastShadows: 0
  m_ReceiveShadows: 0
  m_DynamicOccludee: 1
  m_MotionVectors: 1
  m_LightProbeUsage: 1
  m_ReflectionProbeUsage: 1
  m_RenderingLayerMask: 4294967295
  m_Materials:
  - {fileID: 10754, guid: 0000000000000000f000000000000000, type: 0}
  m_StaticBatchInfo:
    firstSubMesh: 0
    subMeshCount: 0
  m_StaticBatchRoot: {fileID: 0}
  m_ProbeAnchor: {fileID: 0}
  m_LightProbeVolumeOverride: {fileID: 0}
  m_ScaleInLightmap: 1
  m_PreserveUVs: 0
  m_IgnoreNormalsForChartDetection: 0
  m_ImportantGI: 0
  m_StitchLightmapSeams: 0
  m_SelectedEditorRenderState: 0
  m_MinimumChartSize: 4
  m_AutoUVMaxDistance: 0.5
  m_AutoUVMaxAngle: 89
  m_LightmapParameters: {fileID: 0}
  m_SortingLayerID: 0
  m_SortingLayer: 0
  m_SortingOrder: 1
  m_Sprite: {fileID: 21300000, guid: 4792b450663fa00468c8e8ad6be07ef4, type: 3}
  m_Color: {r: 1, g: 1, b: 1, a: 1}
  m_FlipX: 0
  m_FlipY: 0
  m_DrawMode: 0
  m_Size: {x: 1.3958763, y: 2.6824741}
  m_AdaptiveModeThreshold: 0.5
  m_SpriteTileMode: 0
  m_WasSpriteAssigned: 1
  m_MaskInteraction: 0
  m_SpriteSortPoint: 0
--- !u!212 &212886363980554714
SpriteRenderer:
  m_ObjectHideFlags: 1
  m_CorrespondingSourceObject: {fileID: 0}
  m_PrefabInternal: {fileID: 100100000}
  m_GameObject: {fileID: 1795855087093968}
  m_Enabled: 1
  m_CastShadows: 0
  m_ReceiveShadows: 0
  m_DynamicOccludee: 1
  m_MotionVectors: 1
  m_LightProbeUsage: 1
  m_ReflectionProbeUsage: 1
  m_RenderingLayerMask: 4294967295
  m_Materials:
  - {fileID: 10754, guid: 0000000000000000f000000000000000, type: 0}
  m_StaticBatchInfo:
    firstSubMesh: 0
    subMeshCount: 0
  m_StaticBatchRoot: {fileID: 0}
  m_ProbeAnchor: {fileID: 0}
  m_LightProbeVolumeOverride: {fileID: 0}
  m_ScaleInLightmap: 1
  m_PreserveUVs: 0
  m_IgnoreNormalsForChartDetection: 0
  m_ImportantGI: 0
  m_StitchLightmapSeams: 0
  m_SelectedEditorRenderState: 0
  m_MinimumChartSize: 4
  m_AutoUVMaxDistance: 0.5
  m_AutoUVMaxAngle: 89
  m_LightmapParameters: {fileID: 0}
  m_SortingLayerID: 0
  m_SortingLayer: 0
  m_SortingOrder: 0
  m_Sprite: {fileID: 21300000, guid: 9cf2722a6d808e44ab2ec7003dbec88b, type: 3}
  m_Color: {r: 1, g: 1, b: 1, a: 1}
  m_FlipX: 1
  m_FlipY: 0
  m_DrawMode: 0
  m_Size: {x: 0.5917526, y: 0.39381444}
  m_AdaptiveModeThreshold: 0.5
  m_SpriteTileMode: 0
  m_WasSpriteAssigned: 1
  m_MaskInteraction: 0
  m_SpriteSortPoint: 0
--- !u!212 &212894901422578336
SpriteRenderer:
  m_ObjectHideFlags: 1
  m_CorrespondingSourceObject: {fileID: 0}
  m_PrefabInternal: {fileID: 100100000}
  m_GameObject: {fileID: 1682934102448670}
  m_Enabled: 1
  m_CastShadows: 0
  m_ReceiveShadows: 0
  m_DynamicOccludee: 1
  m_MotionVectors: 1
  m_LightProbeUsage: 1
  m_ReflectionProbeUsage: 1
  m_RenderingLayerMask: 4294967295
  m_Materials:
  - {fileID: 10754, guid: 0000000000000000f000000000000000, type: 0}
  m_StaticBatchInfo:
    firstSubMesh: 0
    subMeshCount: 0
  m_StaticBatchRoot: {fileID: 0}
  m_ProbeAnchor: {fileID: 0}
  m_LightProbeVolumeOverride: {fileID: 0}
  m_ScaleInLightmap: 1
  m_PreserveUVs: 0
  m_IgnoreNormalsForChartDetection: 0
  m_ImportantGI: 0
  m_StitchLightmapSeams: 0
  m_SelectedEditorRenderState: 0
  m_MinimumChartSize: 4
  m_AutoUVMaxDistance: 0.5
  m_AutoUVMaxAngle: 89
  m_LightmapParameters: {fileID: 0}
  m_SortingLayerID: 0
  m_SortingLayer: 0
  m_SortingOrder: 2
  m_Sprite: {fileID: 21300000, guid: 460244cfacbf0fe4bb2c6e4af7903258, type: 3}
  m_Color: {r: 1, g: 1, b: 1, a: 1}
  m_FlipX: 1
  m_FlipY: 0
  m_DrawMode: 0
  m_Size: {x: 0.25154638, y: 0.5072165}
  m_AdaptiveModeThreshold: 0.5
  m_SpriteTileMode: 0
  m_WasSpriteAssigned: 1
  m_MaskInteraction: 0
  m_SpriteSortPoint: 0
--- !u!212 &212902857313709844
SpriteRenderer:
  m_ObjectHideFlags: 1
  m_CorrespondingSourceObject: {fileID: 0}
  m_PrefabInternal: {fileID: 100100000}
  m_GameObject: {fileID: 1727071263246222}
  m_Enabled: 1
  m_CastShadows: 0
  m_ReceiveShadows: 0
  m_DynamicOccludee: 1
  m_MotionVectors: 1
  m_LightProbeUsage: 1
  m_ReflectionProbeUsage: 1
  m_RenderingLayerMask: 4294967295
  m_Materials:
  - {fileID: 10754, guid: 0000000000000000f000000000000000, type: 0}
  m_StaticBatchInfo:
    firstSubMesh: 0
    subMeshCount: 0
  m_StaticBatchRoot: {fileID: 0}
  m_ProbeAnchor: {fileID: 0}
  m_LightProbeVolumeOverride: {fileID: 0}
  m_ScaleInLightmap: 1
  m_PreserveUVs: 0
  m_IgnoreNormalsForChartDetection: 0
  m_ImportantGI: 0
  m_StitchLightmapSeams: 0
  m_SelectedEditorRenderState: 0
  m_MinimumChartSize: 4
  m_AutoUVMaxDistance: 0.5
  m_AutoUVMaxAngle: 89
  m_LightmapParameters: {fileID: 0}
  m_SortingLayerID: 0
  m_SortingLayer: 0
  m_SortingOrder: 1
  m_Sprite: {fileID: 21300000, guid: 2d7cd379d61762943b20056950354a88, type: 3}
  m_Color: {r: 1, g: 1, b: 1, a: 1}
  m_FlipX: 0
  m_FlipY: 0
  m_DrawMode: 0
  m_Size: {x: 1.313402, y: 2.626804}
  m_AdaptiveModeThreshold: 0.5
  m_SpriteTileMode: 0
  m_WasSpriteAssigned: 1
  m_MaskInteraction: 0
  m_SpriteSortPoint: 0
--- !u!212 &212927572960219374
SpriteRenderer:
  m_ObjectHideFlags: 1
  m_CorrespondingSourceObject: {fileID: 0}
  m_PrefabInternal: {fileID: 100100000}
  m_GameObject: {fileID: 1861664177514924}
  m_Enabled: 1
  m_CastShadows: 0
  m_ReceiveShadows: 0
  m_DynamicOccludee: 1
  m_MotionVectors: 1
  m_LightProbeUsage: 1
  m_ReflectionProbeUsage: 1
  m_RenderingLayerMask: 4294967295
  m_Materials:
  - {fileID: 10754, guid: 0000000000000000f000000000000000, type: 0}
  m_StaticBatchInfo:
    firstSubMesh: 0
    subMeshCount: 0
  m_StaticBatchRoot: {fileID: 0}
  m_ProbeAnchor: {fileID: 0}
  m_LightProbeVolumeOverride: {fileID: 0}
  m_ScaleInLightmap: 1
  m_PreserveUVs: 0
  m_IgnoreNormalsForChartDetection: 0
  m_ImportantGI: 0
  m_StitchLightmapSeams: 0
  m_SelectedEditorRenderState: 0
  m_MinimumChartSize: 4
  m_AutoUVMaxDistance: 0.5
  m_AutoUVMaxAngle: 89
  m_LightmapParameters: {fileID: 0}
  m_SortingLayerID: 0
  m_SortingLayer: 0
  m_SortingOrder: -1
  m_Sprite: {fileID: 21300000, guid: 1d63a1034a41a7845a1acdb951f63ebc, type: 3}
  m_Color: {r: 1, g: 1, b: 1, a: 1}
  m_FlipX: 0
  m_FlipY: 0
  m_DrawMode: 0
  m_Size: {x: 7.443299, y: 3.9175258}
  m_AdaptiveModeThreshold: 0.5
  m_SpriteTileMode: 0
  m_WasSpriteAssigned: 1
  m_MaskInteraction: 0
  m_SpriteSortPoint: 0
--- !u!212 &212980161274951014
SpriteRenderer:
  m_ObjectHideFlags: 1
  m_CorrespondingSourceObject: {fileID: 0}
  m_PrefabInternal: {fileID: 100100000}
  m_GameObject: {fileID: 1831476571008466}
  m_Enabled: 1
  m_CastShadows: 0
  m_ReceiveShadows: 0
  m_DynamicOccludee: 1
  m_MotionVectors: 1
  m_LightProbeUsage: 1
  m_ReflectionProbeUsage: 1
  m_RenderingLayerMask: 4294967295
  m_Materials:
  - {fileID: 10754, guid: 0000000000000000f000000000000000, type: 0}
  m_StaticBatchInfo:
    firstSubMesh: 0
    subMeshCount: 0
  m_StaticBatchRoot: {fileID: 0}
  m_ProbeAnchor: {fileID: 0}
  m_LightProbeVolumeOverride: {fileID: 0}
  m_ScaleInLightmap: 1
  m_PreserveUVs: 0
  m_IgnoreNormalsForChartDetection: 0
  m_ImportantGI: 0
  m_StitchLightmapSeams: 0
  m_SelectedEditorRenderState: 0
  m_MinimumChartSize: 4
  m_AutoUVMaxDistance: 0.5
  m_AutoUVMaxAngle: 89
  m_LightmapParameters: {fileID: 0}
  m_SortingLayerID: 0
  m_SortingLayer: 0
  m_SortingOrder: 0
  m_Sprite: {fileID: 21300000, guid: 16247342970f69a479a5ec2bd1d2a730, type: 3}
  m_Color: {r: 1, g: 1, b: 1, a: 1}
  m_FlipX: 0
  m_FlipY: 0
  m_DrawMode: 0
  m_Size: {x: 3.272165, y: 2.445361}
  m_AdaptiveModeThreshold: 0.5
  m_SpriteTileMode: 0
  m_WasSpriteAssigned: 1
  m_MaskInteraction: 0
  m_SpriteSortPoint: 0
--- !u!212 &212991526415494350
SpriteRenderer:
  m_ObjectHideFlags: 1
  m_CorrespondingSourceObject: {fileID: 0}
  m_PrefabInternal: {fileID: 100100000}
  m_GameObject: {fileID: 1694911800708432}
  m_Enabled: 1
  m_CastShadows: 0
  m_ReceiveShadows: 0
  m_DynamicOccludee: 1
  m_MotionVectors: 1
  m_LightProbeUsage: 1
  m_ReflectionProbeUsage: 1
  m_RenderingLayerMask: 4294967295
  m_Materials:
  - {fileID: 10754, guid: 0000000000000000f000000000000000, type: 0}
  m_StaticBatchInfo:
    firstSubMesh: 0
    subMeshCount: 0
  m_StaticBatchRoot: {fileID: 0}
  m_ProbeAnchor: {fileID: 0}
  m_LightProbeVolumeOverride: {fileID: 0}
  m_ScaleInLightmap: 1
  m_PreserveUVs: 0
  m_IgnoreNormalsForChartDetection: 0
  m_ImportantGI: 0
  m_StitchLightmapSeams: 0
  m_SelectedEditorRenderState: 0
  m_MinimumChartSize: 4
  m_AutoUVMaxDistance: 0.5
  m_AutoUVMaxAngle: 89
  m_LightmapParameters: {fileID: 0}
  m_SortingLayerID: 0
  m_SortingLayer: 0
  m_SortingOrder: 2
  m_Sprite: {fileID: 21300000, guid: ecbaebd484ad276429554c382e855265, type: 3}
  m_Color: {r: 1, g: 1, b: 1, a: 1}
  m_FlipX: 0
  m_FlipY: 0
  m_DrawMode: 0
  m_Size: {x: 0.6041237, y: 1.2}
  m_AdaptiveModeThreshold: 0.5
  m_SpriteTileMode: 0
  m_WasSpriteAssigned: 1
  m_MaskInteraction: 0
  m_SpriteSortPoint: 0
